2495 3806
1076 132 1098 139 ‚
1146 62 1278 134 *16

383 256 797 322 Verumtamen,
825 252 935 309 hae
961 250 1213 307 rationes
1235 265 1350 323 quo
1374 251 1585 308 certius
1617 253 2056 323 cognoscantur,
2082 267 2256 310 ranae

213 355 450 413 viventis
490 353 685 423 lingua
720 348 1099 420 microscopio
1140 347 1505 406 submittatur
1539 352 1782 422 oportet.
1873 350 2255 423 Microscopio

212 455 259 511 si
302 453 544 526 primum
586 451 767 509 utaris
822 464 915 506 res
956 447 1248 519 subjectas
1289 449 1474 507 minus
1510 451 1910 524 amplificante,
1958 454 2078 508 tum
2117 467 2254 509 vero

211 553 263 610 vi
308 549 627 625 apparatus
674 552 864 617 aucta,
912 546 1050 620 quid
1097 547 1358 618 singulae
1402 551 1626 619 parteS,
1672 549 1883 622 quibus
1929 550 2256 606 membrana

208 667 446 708 mucosa
492 647 780 716 consistit,
838 645 1126 717 dignitatis
1170 646 1447 716 habeant,
1515 647 1846 719 planissime
1891 648 2256 721 perspicitur.

208 743 883 825 Elastica1·anae‡lingua,
910 748 1215 818 postquam
1239 746 1346 803 rite
1380 762 1637 819 expansa
1663 750 1768 816 est,
1798 747 1944 805 adeo
1971 748 2259 820 pellucida

206 848 458 917 exsistit,
512 850 606 915 ut,
667 845 1052 918 microscopio
1100 844 1386 913 adhibito,
1456 860 1570 903 non
1609 845 1780 902 modo
1828 846 2082 904 rationes
2127 862 2257 903 aua-

209 947 447 1004 tomicas
492 946 550 1001 in
589 944 817 1001 animali
865 943 1012 1012 viv0,
1061 957 1258 999 verum
1304 942 1473 1000 etiam
1517 943 1772 1015 ipsorum
1820 944 1968 1001 telae
2018 945 2258 1003 elemen-

207 1049 393 1103 torum
435 1043 762 1101 functiones
809 1041 1145 1115 perspicere
1190 1040 1378 1098 liceat.

375 1144 599 1203 Primus
645 1141 892 1199 omnium
938 1139 1196 1196 Waller
1213 1137 1273 1214 9)
1317 1156 1463 1198 anno
1517 1137 1700 1211 1839,
1749 1145 2086 1214 praesertim
2133 1162 2256 1204 san-

210 1245 399 1317 guinis
445 1242 875 1300 cifculationem
923 1241 1352 1308 observaturuS,
1401 1240 1652 1312 linguam
1697 1243 1988 1315 expandit.
2077 1245 2256 1315 Quem

208 1345 264 1400 in
308 1344 506 1412 finem,
554 1345 619 1399 ut
661 1357 803 1398 rana
846 1340 1033 1397 linteis
1075 1340 1359 1408 involuta,
1410 1340 1712 1398 abdomine
1759 1341 2026 1399 deorsum
2066 1359 2252 1414 verso,

206 1442 447 1499 laminae
509 1439 814 1497 suberinae
874 1439 1172 1510 imposita,
1223 1437 1451 1494 duabus
1506 1438 1769 1496 taeniolis
1824 1440 1904 1498 ita
1961 1443 2250 1514 affigatur,

207 1541 430 1610 suadet,
479 1543 542 1596 ut
587 1538 793 1595 animal
837 1553 1049 1610 corpus
1104 1551 1333 1594 movere
1371 1536 1493 1609 Jam
1537 1541 1805 1609 nequeat.
1899 1538 2025 1609 Quo
2072 1543 2248 1610 fact0,

207 1657 384 1714 quum
448 1639 699 1710 linguam
747 1638 974 1695 duabus
1021 1637 1274 1694 volsellis
1334 1652 1400 1694 ex
1461 1637 1575 1695 oris
1633 1653 1773 1695 cavo
1838 1639 2251 1710 protraxisset,

205 1740 359 1797 circa
415 1752 581 1794 axem
640 1734 1114 1807 longitudinalem
1168 1749 1502 1793 conversam
1578 1751 1755 1808 super
1799 1741 2130 1809 aperturam
2178 1739 2256 1795 la-

202 1839 404 1898 mellae
473 1835 780 1893 suberinae
849 1833 1304 1906 quadrangulam
1372 1835 1661 1908 expandit.
1771 1836 2039 1895 Attamen
2106 1838 2251 1896 haec

207 1937 417 2011 agendi
483 1935 630 1993 ratio
696 1933 981 1992 nonnullis
1055 1933 1429 1991 incommodis
1498 1933 1760 2004 laborat,
1851 1936 2068 2009 quippe
2138 1953 2252 2011 qua

207 2041 382 2110 caput
433 2035 689 2094 animalis
749 2033 972 2092 omnino
1028 2048 1141 2090 non
1199 2035 1380 2091 fixum
1438 2035 1686 2103 tantum,
1757 2050 1874 2108 quo
1944 2039 2250 2107 evagetur,

209 2137 458 2210 spatium
501 2137 730 2204 habeat,
777 2137 840 2191 ut
884 2134 981 2190 illo
1029 2136 1312 2206 perpetuo
1359 2132 1672 2190 attollendo
1719 2149 1789 2191 ac
1826 2133 2007 2191 latera
2051 2150 2252 2193 versus

210 2235 490 2294 movendo
563 2234 767 2308 quovis
823 2233 1093 2306 temporis
1159 2235 1439 2290 momento
1480 2232 1680 2304 lingua
1724 2233 1958 2291 humida
2004 2249 2132 2291 cum
2175 2235 2255 2292 in-

212 2335 424 2393 feriore
469 2334 832 2407 microscopii
874 2333 1017 2390 vitro
1064 2332 1122 2389 in
1168 2336 1495 2390 contactum
1538 2332 1759 2402 veniat,
1830 2349 2046 2406 eoque,
2117 2351 2255 2408 quo-

212 2438 397 2495 minus
443 2433 683 2506 amplius
731 2433 1022 2501 observeS,
1062 2431 1352 2503 impediat.
1420 2430 1546 2501 Quo
1578 2430 1819 2500 accedit,
1869 2432 2026 2505 quod
2055 2433 2255 2504 lingua

215 2534 561 2593 circumacta
617 2535 834 2590 tantum
877 2532 1085 2602 exigua
1142 2530 1472 2602 superficiei
1529 2529 1655 2602 ejus
1702 2546 1865 2604 parS,
1938 2546 2088 2604 quae
2141 2548 2252 2605 ope

211 2632 575 2705 microscopii
612 2631 1011 2704 perquiratur,
1056 2632 1191 2702 apta
1234 2628 1526 2699 redditur,
1582 2633 1705 2687 sere
1748 2629 1979 2687 dimidia
2021 2631 2254 2702 linguae

212 2736 376 2806 parte
436 2731 511 2789 ad
571 2730 681 2788 tori
741 2729 1163 2787 similitudinem
1220 2728 1458 2786 elevata.
1550 2729 1754 2801 Neque
1818 2728 2051 2800 linguae
2104 2745 2254 2802 apex

216 2848 317 2902 eo,
391 2847 505 2904 quo
566 2845 814 2903 aequum
871 2831 988 2897 est,
1055 2827 1224 2885 modo
1288 2826 1538 2898 expandi
1593 2829 1816 2899 potest,
1885 2842 2250 2901 paucaeque,

215 2931 424 3004 quibus
479 2928 553 2985 ad
607 2926 900 2999 figendum
966 2925 1051 2983 uti
1116 2926 1341 2999 possiS,
1410 2940 1551 2982 acus
1617 2925 1872 2997 linguam
1933 2942 2048 2984 non
2114 2927 2252 2984 satis

216 3029 452 3086 firmiter
496 3030 705 3097 tenent,
749 3030 814 3084 ut
853 3042 1020 3099 quae,
1070 3041 1247 3098 quum
1283 3026 1408 3081 sere
1452 3024 1559 3081 soli
1598 3024 1908 3096 applicitae
1940 3025 2052 3083 sint
2080 3026 2249 3098 apici,

217 3127 444 3185 animali
486 3126 741 3198 linguam
784 3126 1078 3182 retrahere
1125 3122 1390 3181 studente
1435 3122 1672 3179 vulnera
1717 3123 1898 3180 scissa
1937 3124 2253 3195 sanguinis-

218 3241 330 3298 que
398 3227 761 3282 extravasata
824 3222 1113 3292 efficiant,
1182 3219 1378 3294 quoad
1440 3219 1691 3293 denique
1757 3236 1932 3279 ranae
1996 3222 2251 3293 linguam

219 3324 443 3382 omnino
502 3323 794 3382 retrahere
840 3321 1133 3393 contingit.
1227 3318 1448 3390 Quibus
1495 3319 1686 3376 causis
1730 3323 2045 3379 commotus
2096 3321 2253 3393 equi-

386 3503 432 3562 9)
491 3504 790 3559 Microscopic
829 3501 1133 3545 examination
1174 3499 1226 3542 of
1262 3511 1388 3541 some
1431 3497 1483 3539 of
1517 3496 1590 3540 the
1630 3497 1847 3554 principal
1889 3497 2055 3540 tissues
2098 3497 2150 3540 of
2176 3497 2250 3541 the

220 3580 384 3630 tongue
422 3574 474 3617 of
501 3573 574 3616 the
603 3574 743 3629 living
759 3575 858 3630 frog
888 3580 933 3616 et
950 3572 1056 3617 toad
1086 3578 1171 3616 etc.
1208 3572 1265 3627 by
1297 3570 1413 3626 Aug.
1448 3569 1688 3621 Waller,
1718 3570 1781 3614 M.
1813 3567 1871 3614 D.
1905 3569 1973 3612 in:
2004 3568 2097 3611 The
2128 3568 2248 3612 Lon-

221 3644 325 3698 don,
357 3643 642 3700 Edingburgh
667 3651 712 3688 et
727 3644 894 3688 Dublin
911 3643 1147 3700 Magazine
1177 3642 1264 3686 and
1287 3641 1473 3686 Journal
1498 3641 1550 3685 of
1568 3641 1775 3694 Science‚
1807 3639 1897 3683 Juli
1931 3638 2055 3693 1846,
2086 3654 2129 3696 p.
2148 3639 2245 3683 273.
