2495 3806
1240 97 1306 149 34

254 285 530 355 tinentur,
594 284 910 342 instructae
976 286 1125 341 sunt.
1216 284 1280 341 In
1345 283 1570 356 papillis
1643 283 2009 341 filiformibus
2072 283 2289 357 majore

251 383 556 441 latitudine
612 381 933 453 insignibus
998 381 1326 455 epithelium
1385 397 1491 454 per
1542 385 1719 439 strata
1772 382 2112 454 dispositum
2161 398 2290 440 con-

253 481 546 554 spicimus,
627 480 846 551 Quibus
891 481 948 538 111
991 481 1221 539 casibus
1266 481 1450 554 majus
1489 481 1636 539 inter
1673 480 2056 553 peripheriam
2102 496 2291 538 axem-

254 596 367 654 que
445 581 559 638 tela
634 579 997 653 conjunctiva
1071 580 1446 652 compositum
1531 580 1832 638 intercedit
1910 579 2284 637 intervallum.

252 678 633 748 Quamobrem
675 679 916 737 cellulae
963 679 1219 737 ciliferae
1265 695 1576 751 processus
1624 679 1886 737 cellulam
1930 678 2289 736 fusiformem

249 778 469 850 recipit,
517 794 667 851 quae
713 778 840 851 ipsa
884 794 1165 851 processu
1211 795 1316 836 suo
1362 795 1488 836 cum
1530 794 1639 835 axe
1686 776 1992 849 conjuncta
2028 779 2285 849 apparet..

249 876 469 947 Papilla
515 877 563 933 si
605 878 774 935 etiam
818 877 988 935 latior
1033 881 1145 947 est,
1204 878 1354 935 duae
1412 878 1652 934 cellulae
1699 877 2032 934 susiformes
2077 890 2288 933 nexum

248 974 395 1032 inter
454 975 715 1033 cellulam
770 976 1045 1033 ciliferam
1101 980 1157 1033 et
1216 981 1477 1034 truncum
1524 977 1638 1034 tela
1693 975 2055 1048 conjunctiva
2105 974 2285 1033 consi-

251 1075 492 1131 stentem
530 1075 805 1132 efficiunt.
887 1073 1066 1146 Cujus
1104 1076 1257 1132 modi
1301 1076 1537 1132 cellulas
1585 1090 1692 1148 ope
1735 1090 2114 1147 processuum
2151 1074 2286 1131 alte-

246 1187 366 1229 ram
406 1172 623 1231 directo
664 1173 721 1230 in
762 1174 997 1231 alteram
1042 1176 1301 1244 transire,
1350 1175 1462 1247 ipsi
1502 1175 1637 1232 mihi
1678 1174 1908 1246 saepius
1943 1171 2287 1231 observandi

247 1269 440 1327 oblata
487 1275 574 1328 est
616 1271 877 1341 occasio,
940 1288 1090 1346 quae
1148 1274 1347 1331 eadem
1391 1289 1481 1331 res
1527 1273 1695 1331 etiam
1739 1273 2083 1346 papillarum
2118 1271 2286 1329 rude-

245 1367 405 1426 ribus
450 1369 890 1441 demonstratur,
940 1387 1090 1444 quae
1139 1373 1493 1442 obtinentur,
1543 1374 1590 1430 si
1636 1374 1868 1444 linguae
1911 1372 2076 1431 acido
2125 1372 2285 1429 chro-

242 1467 389 1525 mico
459 1467 778 1527 obduratae
846 1471 1210 1542 superficiem
1281 1472 1464 1530 cultro
1531 1472 1785 1530 tonsorio
1855 1458 2281 1546 perstrinxeris,

242 1566 337 1624 Sic
368 1565 515 1624 enim
551 1581 755 1640 magna
789 1569 1014 1626 exsistit
1044 1570 1496 1640 fragmentorum
1529 1571 1714 1643 copia,
1760 1587 1832 1628 ex
1865 1572 2077 1645 quibus
2108 1584 2284 1643 saepe

243 1665 526 1738 quaedam
571 1682 763 1724 rerum
804 1667 1056 1724 rationes
1112 1668 1349 1737 meliUS,
1414 1685 1584 1742 quam
1636 1670 1684 1726 si
1727 1669 1972 1744 papillas
2026 1671 2281 1743 integras

241 1767 373 1821 ante
432 1765 633 1823 oculos
699 1765 1049 1834 habeamuS,
1107 1766 1383 1836 cognosci
1436 1771 1696 1839 possunt.
1817 1768 2091 1841 Singulae
2148 1772 2283 1827 tunc

237 1863 478 1922 cellulae
519 1865 777 1922 ciliferae
815 1865 962 1923 inter
993 1880 1059 1923 se
1091 1869 1411 1937 separatae,
1463 1883 1708 1939 quarum
1739 1883 1947 1940 magna
1978 1867 2280 1925 multitudo

239 1962 555 2033 obtinetur,
602 1979 754 2020 nunc
798 1963 1048 2036 majores
1093 1981 1246 2022 nunc
1290 1965 1535 2023 minores
1581 1982 1893 2039 processus
1922 1966 2276 2036 ostendunt,

241 2076 485 2133 quorum
550 2077 686 2133 pars
754 2061 992 2119 inferior
1049 2063 1218 2121 etiam
1271 2064 1500 2122 bifurca
1554 2069 1821 2139 apparet,
1886 2065 2044 2124 haud
2103 2064 2278 2122 dubie

239 2158 460 2216 cellulis
501 2160 902 2218 fusiformibus
945 2162 1294 2236 recipiendis
1344 2164 1647 2221 destinata.

406 2257 469 2314 In
506 2259 733 2331 papillis
779 2259 1019 2329 00111015,
1071 2260 1286 2333 quippe
1330 2260 1388 2318 111
1435 2261 1644 2334 quibus
1685 2262 1834 2338 telae
1881 2263 2281 2337 conjunctivae

241 2356 410 2427 copia
467 2356 640 2414 latius
703 2361 940 2415 extensa
1001 2359 1105 2429 sit,
1175 2360 1511 2419 cellularum
1578 2361 1984 2433 epithelialium
2044 2365 2279 2419 stratum

239 2454 535 2525 angustius
583 2458 846 2516 cernitur.
944 2460 1205 2517 Ceterum
1249 2459 1307 2516 111
1348 2459 1436 2516 his
1478 2475 1705 2533 quoque
1747 2459 1970 2530 eadem,
2031 2476 2179 2534 quae
2223 2461 2280 2516 in

239 2554 466 2625 papillis
512 2555 872 2614 filiformibus
921 2558 1198 2630 angustiS,
1247 2558 1392 2616 ratio
1437 2559 1802 2632 conspicitur,
1849 2560 2064 2617 cellulis
2101 2559 2282 2618 vibra-

240 2652 429 2722 toriiS,
475 2669 621 2726 quae
664 2655 723 2712 in
768 2657 1075 2729 superficie
1122 2657 1361 2726 adsunt,
1410 2673 1516 2715 nec
1561 2673 1674 2715 non
1721 2657 1938 2716 cellulis
1976 2657 2283 2715 susiformi-

237 2749 362 2818 buS,
412 2766 562 2823 quae
602 2752 750 2811 inter
781 2770 880 2812 eas
916 2755 1214 2828 dispersae
1262 2760 1410 2826 sunt,
1463 2772 1572 2830 ope
1611 2772 1984 2830 processuum
2026 2756 2280 2815 brevium

241 2846 458 2906 directo
502 2866 626 2907 cum
672 2852 786 2909 tela
828 2853 1190 2926 conjunctiva
1234 2871 1390 2912 nexu
1434 2854 1773 2927 conjunctis

373 3001 377 3003 ,
411 2945 579 3015 Quod
624 2954 850 3022 spectat
892 2952 967 3008 ad
1013 2953 1300 3026 opinatam
1343 2954 1492 3011 telae
1521 2953 1864 3011 muscularis
1897 2969 2026 3010 cum
2058 2953 2276 3011 cellulis

241 3043 664 3116 epithelialibus
709 3048 1198 3121 conjunctionem,
1247 3066 1343 3119 ea,
1398 3066 1548 3124 quae
1594 3066 1771 3123 super
1814 3051 2136 3121 attulimus,
2181 3051 2276 3108 hic

236 3144 567 3213 repetantur
613 3149 854 3217 oportet,
901 3164 1195 3221 nunquam
1224 3149 1459 3206 alterius
1493 3149 1642 3206 telae
1680 3148 1738 3204 in
1770 3149 2005 3206 alteram
2034 3149 2276 3206 transitu

236 3243 485 3310 reperto,
575 3242 637 3299 In
676 3243 865 3301 multis
911 3246 1219 3317 segmentis
1287 3250 1421 3318 apte
1486 3246 1790 3316 institutiS,
1852 3247 2022 3321 quale
2085 3247 2272 3318 imago

235 3335 542 3409 subjuncta
600 3338 748 3415 (Fig.
785 3341 862 3418 V)
918 3343 1193 3414 ostendit,
1262 3344 1605 3416 primitivum
1657 3344 2048 3402 musculorum
2105 3344 2274 3401 fasci-

237 3435 428 3493 culum
469 3438 711 3496 mediam
755 3440 1003 3512 papillae
1047 3444 1265 3512 partem
1312 3443 1570 3501 obtinere
1630 3445 1685 3500 et
1728 3443 1800 3499 ab
1846 3445 2095 3516 utroque
2142 3441 2270 3515 ejus

233 3531 413 3591 latere
459 3536 578 3592 axis
618 3537 732 3594 tela
779 3538 1142 3611 conjunctiva
1189 3541 1502 3598 constructi
1546 3540 1834 3612 margines
1863 3541 2074 3597 liberos
2105 3540 2271 3597 relin-

239 3631 337 3701 qui
381 3631 655 3692 videmus.
746 3634 976 3708 Quodsi
1030 3637 1361 3696 cellularum
1412 3642 1526 3697 tum
1573 3638 1921 3697 ciliferarum
1967 3641 2083 3696 tum
2127 3638 2269 3695 fusi-
