2515 3892
1256 124 1317 175 17

251 328 379 386 dem
440 327 499 385 in
561 323 964 400 experimentis
1023 323 1166 381 meis
1234 323 1403 381 aliam
1457 323 1732 381 rationem
1795 324 2101 383 ineundam
2167 342 2296 385 esse

251 426 482 497 censui,
539 441 655 500 qua
698 438 872 483 ranae
919 422 1153 480 dorsum
1199 422 1432 480 tabulae
1477 422 1751 495 apertura
1799 425 2087 480 fenestrae
2131 424 2295 482 simili

247 524 564 582 instructae
607 523 974 597 imponerem.
1066 520 1342 579 Animalis
1390 521 1780 578 extremitates
1822 521 2138 580 anteriores
2187 524 2296 581 sin-

246 624 447 695 gulae,
495 621 847 696 posteriores
884 620 1086 678 ambae
1124 620 1289 678 simul
1319 635 1427 692 ope
1458 619 1799 693 laqueorum
1837 619 2124 678 adductae
2163 636 2295 678 acu-

247 723 477 797 busque
510 722 746 780 firmiter
781 721 998 779 affixae
1037 722 1184 777 sunt.
1228 719 1494 777 Similiter
1526 721 1582 776 et
1617 719 1824 778 thorax
1855 723 2030 793 atque
2065 720 2295 778 maxilla

246 821 487 879 inferior
512 821 762 879 taeniola
785 821 922 878 fixa.
970 820 1108 877 Tum
1124 819 1323 890 lingua
1355 818 1607 877 volsellis
1628 821 1887 877 extracta
1913 835 2090 893 super
2110 820 2293 893 ipsam

248 923 578 992 aperturam
597 922 887 978 fenestrae
905 918 1143 977 similem
1162 933 1419 991 expansa
1446 919 1773 976 observanti
1796 919 2000 977 faciem
2025 935 2185 976 suam
2203 936 2294 977 su-

246 1018 530 1089 periorem
556 1021 742 1088 offert,
787 1019 867 1076 ita
898 1022 963 1076 ut
1001 1034 1125 1076 eam
1156 1018 1360 1076 inverti
1396 1021 1453 1076 et
1478 1018 1844 1077 circumvolvi
1877 1034 2023 1092 opus
2054 1035 2164 1076 non
2200 1018 2287 1076 sit.

247 1116 307 1174 Si
352 1120 543 1175 autem
596 1118 926 1176 inferiorem
969 1118 1333 1176 membranae
1382 1133 1654 1176 mucosae
1698 1117 1905 1175 faciem
1947 1117 2293 1189 investigare

246 1216 516 1286 volueriS,
565 1217 771 1276 animal
800 1220 997 1287 totum,
1044 1217 1103 1274 id
1145 1217 1303 1291 quod
1327 1232 1432 1291 per
1460 1233 1523 1275 se
1545 1217 1913 1288 intelligitur,
1960 1232 2297 1274 conversum

246 1315 656 1389 abdominique
702 1316 981 1375 incubans
1028 1318 1262 1375 tabulae
1304 1316 1660 1388 affigendum
1704 1320 1807 1374 est.
1868 1315 2096 1388 Agendi
2133 1315 2295 1383 ratio,
2372 1340 2383 1346 J

251 1431 422 1489 quam
466 1415 638 1475 modo
686 1416 1125 1490 descripsimUS,
1173 1416 1393 1474 etiamsi
1439 1416 1620 1488 primo
1676 1416 1960 1488 adspectu
2002 1416 2075 1472 ab
2118 1415 2297 1472 altera

249 1530 425 1587 supra
468 1519 779 1573 memorata
826 1532 1029 1588 parum
1077 1515 1310 1574 differre
1357 1515 1654 1584 videatur,
1704 1518 1891 1572 tamen
1933 1515 1990 1571 in
2035 1513 2299 1586 disquisi-

249 1613 403 1671 tione
458 1613 809 1673 instituenda
866 1615 1164 1674 commoda
1220 1631 1332 1673 non
1386 1614 1599 1686 exigua
1646 1616 1832 1672 affert.
1923 1613 2140 1671 Etenim
2185 1627 2297 1669 non

249 1713 420 1771 modo
468 1730 531 1771 re
575 1714 959 1786 microscopio
1009 1715 1293 1773 submissa
1349 1715 1465 1772 huc
1523 1713 1661 1771 illuc
1705 1713 1985 1772 movenda
2036 1715 2155 1770 tota
2199 1711 2299 1767 lin-

253 1829 406 1885 guae
454 1814 794 1887 superficies
840 1814 1008 1872 oculo
1055 1817 1273 1873 armato
1323 1812 1647 1886 subjicitur,
1699 1813 1802 1871 sed
1845 1813 2013 1870 etiam
2057 1810 2297 1868 inferius

249 1912 617 1986 microscopii
660 1913 883 1982 vitrum,
931 1914 1041 1971 nisi
1085 1916 1255 1983 forte,
1297 1913 1382 1970 uti
1422 1913 1480 1970 in
1526 1913 1900 1970 instrumento
1923 1911 2294 1977 PloesslianO,

251 2009 381 2083 ejns
427 2014 597 2070 focus
646 2012 810 2070 nimis
856 2029 1038 2087 prope
1083 2013 1308 2085 positus
1354 2016 1466 2081 est,
1520 2012 1696 2070 multo
1751 2012 1938 2068 rarius
1984 2007 2299 2067 humectari

249 2114 459 2184 potest.
554 2111 681 2182 Quo
729 2112 879 2170 adde
926 2112 1110 2186 quod,
1174 2128 1348 2185 quum
1391 2111 1589 2183 lingua
1642 2111 1935 2185 aliquanto
1981 2109 2162 2181 magis
2206 2123 2301 2165 ex-

251 2209 429 2282 pandi
483 2215 689 2284 queat,
754 2216 811 2270 et
863 2227 958 2270 res
1015 2210 1454 2283 contemplanda
1499 2211 1671 2282 longe
1725 2209 2066 2283 pellucidior
2112 2207 2299 2266 evadit

253 2312 310 2366 et
352 2309 542 2381 imago
590 2311 782 2369 oblata
824 2311 1001 2369 multo
1039 2309 1397 2369 manifestior
1439 2312 1697 2383 apparet.
1758 2309 1817 2368 Si
1853 2308 2083 2382 quando
2116 2321 2299 2380 prope

255 2408 490 2466 vulnera
546 2409 731 2467 scissa
785 2409 1063 2482 sanguine
1111 2411 1476 2467 extravasato
1521 2410 1848 2466 membrana
1904 2423 2142 2466 mucosa
2187 2410 2300 2464 tur-

250 2506 510 2576 bidatur,
578 2507 639 2564 id
704 2507 1126 2566 incommodum
1179 2508 1441 2580 coagulis
1492 2508 1758 2566 tollendis
1814 2507 1973 2565 brevi
2032 2521 2296 2564 amovere

251 2605 404 2664 licet.
494 2607 699 2679 Neque
744 2622 857 2665 non
899 2624 1131 2677 mucUS,
1203 2608 1302 2681 qui
1353 2607 1598 2667 subinde
1641 2606 1861 2680 maJ'ore
1907 2605 2076 2678 copia
2117 2619 2301 2661 secer-

252 2704 431 2775 nitur,
477 2705 829 2763 amovendus
877 2710 988 2775 cst,
1036 2708 1151 2775 vel,
1200 2707 1284 2763 rei
1327 2707 1550 2765 ratione
1593 2705 1904 2775 contraria,
1953 2720 2024 2761 ne
2068 2704 2299 2773 linguae

249 2819 386 2876 pars
420 2803 795 2874 exsiccescat,
837 2806 990 2879 aqua
1024 2805 1268 2863 subinde
1297 2805 1570 2863 instillata
1599 2806 2016 2879 praecaveatur
2050 2803 2294 2874 oportet.

420 2902 695 2975 Linguam
744 2902 843 2961 tali
895 2904 1067 2962 modo
1116 2894 1430 2978 expansam
1492 2904 1784 2963 auctumni
1836 2902 2012 2975 hujus
2060 2901 2292 2968 diebuS,

252 3004 318 3058 ut
359 3016 491 3058 raro
534 3002 624 3071 fit,
684 3002 1061 3060 serenissimis
1109 3004 1432 3075 complures
1477 3019 1582 3076 per
1625 3004 1800 3061 horas
1846 3001 1903 3057 in
1951 2999 2296 3058 observatio-

252 3114 382 3157 nem
419 3100 637 3157 vocavi.
729 3099 855 3169 Qua
900 3100 958 3158 in
998 3116 1062 3159 re
1107 3101 1314 3158 animal
1368 3117 1482 3160 non
1539 3101 1647 3158 nisi
1699 3099 1902 3173 paucis
1949 3099 2005 3156 in
2061 3097 2293 3155 casibus

255 3197 574 3270 consopivi,
646 3198 804 3271 quod
851 3198 900 3255 si
955 3199 1186 3271 quando
1232 3202 1517 3270 feceram,
1586 3199 1844 3257 narcosis
1898 3213 2011 3255 non
2071 3195 2295 3252 duravit

253 3295 359 3353 nisi
407 3297 582 3354 breve
627 3297 898 3369 temporis
950 3298 1221 3369 spatium,
1290 3299 1350 3355 id
1396 3298 1554 3372 quod
1595 3314 1795 3370 parum
1836 3295 2100 3368 congruit
2165 3310 2293 3353 cum

255 3394 752 3453 observationibus
804 3412 839 3454 a
883 3393 1259 3472 Waller10)
1311 3396 1615 3467 institutis,
1684 3395 1893 3469 quibus
1948 3393 2034 3451 vir
2088 3392 2291 3450 doctus

259 3493 526 3552 narcosin
571 3493 742 3554 etiam
787 3494 935 3554 duas
979 3510 1085 3568 per
1123 3495 1296 3554 horas
1336 3495 1722 3554 continuatam
1779 3508 1909 3552 esse
1953 3494 2162 3550 narrat.

429 3741 502 3799 10)
562 3741 655 3785 The
688 3742 854 3786 minute
885 3749 1106 3788 structure
1138 3744 1190 3789 of
1217 3744 1293 3789 the
1323 3742 1518 3802 papillae
1549 3749 1597 3787 et
1625 3755 1787 3786 nei-ves
1819 3741 1871 3786 of
1897 3742 1971 3785 the
2001 3742 2100 3797 frog
2121 3747 2164 3784 et
2184 3740 2289 3785 toad
