2515 3892
1241 140 1308 192 35

253 319 516 377 formium
573 336 888 393 processus
944 324 1370 396 persequimur,
1442 341 1541 383 eos
1609 330 1825 386 tantum
1889 330 1947 387 in
2012 333 2296 404 margines

254 417 404 475 telae
451 418 854 492 conjunctivae
898 420 1195 492 lateraleS,
1243 440 1534 497 nunquam
1577 426 1636 482 in
1681 427 1866 499 ipsam
1911 430 2298 490 musculorum

252 530 500 574 massam
525 518 767 575 transire
802 520 1192 578 observamus,
1262 521 1342 578 Ex
1381 523 1561 581 altera
1592 528 1755 597 parte
1793 527 1959 585 etiam
1984 529 2298 587 tenuissimi

254 616 648 674 musculorum
706 618 847 675 rami
901 620 1226 677 verticalem
1274 621 1645 681 directionem
1700 627 1955 683 tenentes
2010 643 2298 700 nunquam

251 717 353 771 aut
397 715 472 772 ad
519 717 630 774 hoc
685 721 785 775 aut
833 717 905 775 ad
958 718 1101 775 illud
1152 719 1304 776 latus
1364 721 1514 778 ultra
1570 726 1730 780 axem
1776 724 1890 781 tela
1937 725 2297 798 conjunctiva

253 813 657 873 consistentem
704 819 1039 888 evagantur,
1081 817 1161 874 ita
1207 822 1271 875 ut
1315 820 1470 876 nulla
1518 820 1589 879 de
1634 822 1860 880 illorum
1908 839 2036 880 cum
2077 825 2294 882 cellulis

253 911 632 983 cylindraceis
689 918 789 972 aut
851 917 1254 974 fusiformibus
1326 919 1731 993 conjunctione
1798 922 2045 979 suboriri
2113 924 2294 995 possit

259 1012 531 1083 suspicio.

879 1209 941 1275 B.
1029 1209 1122 1276 DE
1192 1209 1594 1279 GLANDUM
1617 1211 1672 1279 S.

425 1410 740 1469 Glandulae
786 1411 1092 1483 linguales‚
1141 1412 1225 1470 uti
1270 1412 1328 1469 in
1371 1412 1598 1470 homine
1644 1413 1952 1487 multisque
1998 1416 2296 1472 mammali-

252 1508 362 1565 bus
411 1512 702 1567 structura
748 1511 982 1568 acinosa
1027 1512 1270 1570 maxime
1325 1512 1484 1569 varia
1542 1513 1849 1583 excellunt,
1910 1514 1989 1571 ita
2042 1514 2099 1570 in
2157 1531 2295 1571 rana

248 1609 610 1665 membranae
658 1625 930 1668 mucosae
989 1611 1272 1669 utriculos
1326 1611 1486 1668 recta
1545 1611 1602 1667 in
1651 1612 2004 1684 profundum
2061 1613 2294 1670 descen-

251 1705 450 1765 dentes
494 1711 810 1767 efformant.
890 1709 999 1779 Qui
1041 1710 1293 1778 utriculi,
1341 1710 1600 1781 singulas
1631 1711 1809 1769 fibras
1842 1712 2087 1769 musculi
2118 1715 2294 1768 trans-

249 1806 400 1863 versi
441 1806 588 1865 inter
635 1824 697 1866 se
744 1809 1129 1879 dimoventes‚
1190 1809 1248 1866 in
1294 1824 1621 1880 supremum
1679 1814 1915 1869 stratum
1958 1810 2132 1883 hujus
2177 1827 2293 1867 mu-

249 1905 394 1963 sculi
435 1907 828 1979 porriguntur.
923 1908 1350 1978 Glandularum,
1401 1925 1569 1982 quae,
1620 1910 1668 1966 si
1712 1910 1966 1981 linguam
2007 1912 2291 1967 recentem

246 2005 551 2078 inspiciaS‚
608 2007 869 2065 rotundis
923 2007 1201 2065 ductuum
1253 2009 1701 2066 excretoriorum
1755 2009 2080 2067 luminibus·
2119 2010 2288 2068 facile

247 2108 696 2175 cognoscuntur,
745 2106 903 2163 haud
950 2106 1197 2178 exiguus
1246 2110 1334 2164 est
1380 2123 1669 2165 numerus
1761 2108 2107 2183 Plerumque
2135 2109 2288 2180 glan-

249 2203 414 2260 dulas
460 2205 607 2261 inter
651 2205 896 2278 papillas
941 2206 1239 2263 filiformes
1279 2205 1571 2278 inspersas
1616 2206 1964 2279 repe1·imuS‚
2026 2208 2087 2264 id
2131 2206 2286 2279 quod

249 2316 317 2359 eo
367 2303 860 2374 animadvertitur,
926 2303 1084 2377 quod
1138 2304 1193 2360 in
1242 2308 1718 2377 praeparatorum
1774 2304 1940 2362 acido
1997 2305 2282 2362 chromico

250 2400 665 2459 obduratorum
712 2402 1018 2474 segmentis
1061 2401 1407 2474 papillarum
1451 2403 1814 2461 filisormium
1848 2404 2026 2460 series
2062 2417 2285 2473 semper

249 2500 572 2571 complures
638 2501 942 2573 glandulas
998 2501 1266 2558 contiuet.
1358 2503 1545 2574 Saepe
1602 2501 1845 2559 lacunae
1910 2502 2058 2558 inter
2120 2500 2282 2556 binas

246 2597 529 2675 ejusmodi
572 2599 817 2673 papillas
862 2600 1239 2672 interpositae
1282 2600 1663 2673 aequabiliter
1708 2600 1978 2657 deorsum
2022 2599 2079 2655 in
2118 2613 2285 2655 mem-

242 2698 477 2755 branam
519 2714 810 2756 mucosam
854 2698 1082 2757 extendi
1125 2694 1324 2776 eoque{
1367 2698 1677 2770 glandulae
1716 2698 1950 2754 formari
2000 2696 2276 2754 videntur.

238 2797 587 2869 Papillarum
644 2797 1006 2869 epithelium,
1074 2797 1134 2853 id
1190 2796 1348 2870 quod
1406 2796 1461 2853 in
1513 2795 1820 2867 segmentis
1866 2794 2035 2852 modo
2079 2809 2281 2852 memo-

236 2895 375 2952 ratis
416 2895 626 2968 optime
672 2895 1035 2969 perspicitur,
1087 2895 1355 2953 continue
1399 2895 1457 2951 in
1501 2893 1804 2965 glandulas
1845 2893 2061 2950 transit.
2140 2891 2279 2948 Utri-

238 2993 352 3050 culi
397 2994 670 3066 simplicis
714 2994 963 3066 parietes
1009 2994 1230 3051 cellulis
1278 2991 1655 3068 cylindraceis
1702 2991 1854 3049 intus
1899 2990 2087 3049 vestiti
2127 2992 2275 3057 sunt,

241 3107 391 3165 quae
440 3095 654 3162 tamen,
703 3095 768 3150 ut
812 3093 1062 3163 videtur,
1113 3093 1255 3151 ciliis
1303 3096 1514 3151 carent.
