2495 3806
927 404 1316 480 CAPUT
1360 410 1461 519 ²1.

176 622 305 692 De
339 622 643 714 linquae
670 624 999 692 ram'nae
1020 621 1290 715 forma
1319 633 1644 696 eaeterna
1679 626 2215 719 musculisque.

344 781 642 921 Qingua
699 864 992 920 ranarum,
1051 865 1122 907 ex
1171 850 1382 923 quibus
1441 852 1672 926 quidem
1722 854 1846 912 sola
1901 870 2040 912 rana
2087 858 2221 912 tem-

177 946 410 1019 poraria
454 947 514 1004 L.
563 946 638 1004 ad
682 947 1154 1021 investigationes
1196 966 1354 1009 meas
1397 968 1540 1010 usus
1587 969 1739 1023 sum,
1797 957 1853 1011 et
1899 956 2118 1012 formae
2165 956 2222 1010 et

179 1045 323 1102 situs
365 1046 588 1104 ratione
633 1046 847 1117 habita,
884 1048 958 1106 ab
1005 1064 1222 1122 organo
1271 1050 1490 1122 eodem,
1539 1053 1711 1125 ,quale
1753 1053 1810 1110 in
1856 1053 1982 1110 aliis
2014 1052 2218 1110 anima-

178 1144 316 1202 lium
362 1145 656 1204 ordinibus
705 1147 987 1218 cernitur,
1033 1148 1192 1206 haud
1233 1165 1437 1222 parum
1484 1149 1795 1225 discrepat.

347 1243 604 1315 Linguae
645 1246 829 1303 forma
872 1248 996 1305 fere
1044 1248 1295 1321 elliptica
1341 1253 1454 1320 est,
1512 1251 1628 1309 fine
1669 1255 1858 1310 tamen
1902 1250 2221 1324 posteriore

179 1358 367 1417 eoque
404 1344 725 1403 acuminato
773 1346 872 1403 tali
916 1346 1168 1405 incisura
1209 1349 1504 1421 praedito,
1563 1353 1627 1408 ut
1680 1352 1753 1408 ab
1791 1353 2042 1425 utroque
2093 1350 2220 1424 ejus

176 1442 357 1500 latere
403 1443 554 1501 duae
599 1443 841 1502 laciniae
885 1445 1104 1505 liberae
1151 1449 1539 1507 efformentur.
1610 1450 1797 1508 Media
1840 1450 2074 1522 linguae
2106 1449 2223 1506 elli-

176 1541 366 1613 pticae
421 1558 557 1615 pars
610 1543 907 1616 paululum
961 1546 1020 1602 in
1069 1546 1246 1605 latum
1299 1552 1591 1621 porrecta,
1661 1548 1867 1607 deinde
1926 1564 2000 1606 ex
2056 1550 2220 1620 parte

177 1641 359 1698 altera
402 1642 678 1714 paulatim
722 1644 1023 1715 angustior
1061 1648 1218 1705 facta
1262 1647 1320 1704 in
1360 1648 1536 1718 duaS,
1584 1664 1729 1721 quas
1777 1648 2043 1718 diximUS,
2089 1646 2222 1705 laci-

177 1739 301 1796 nias
341 1740 579 1798 obtusas
619 1742 838 1813 transit,
904 1743 1038 1802 dum
1079 1745 1209 1803 finis
1253 1746 1399 1804 alter
1445 1748 1744 1821 oppositus
1789 1750 2029 1807 formam
2059 1762 2222 1821 prae-

184 1837 282 1896 bet
321 1839 664 1897 semicirculi
707 1856 890 1913 paene
934 1843 1237 1914 regularis.

342 1937 439 1995 Ad
461 1938 694 2011 linguae
723 1939 781 1997 in
815 1940 931 1997 oris
966 1957 1106 2000 cavo
1144 1943 1314 2002 situm
1346 1945 1504 2018 quod
1537 1949 1778 2020 spectat,
1823 1962 1958 2019 pars
1999 1945 2126 2019 ejus
2163 1946 2220 2004 in

178 2034 324 2093 duas
369 2036 608 2095 lacinias
656 2039 855 2097 exiens
908 2040 984 2097 ad
1026 2042 1381 2115 pharyngem
1428 2060 1706 2104 conversa
1752 2050 1869 2116 est,
1931 2048 2098 2119 parte
2143 2045 2220 2102 al-

177 2136 301 2191 tera
354 2137 666 2196 rotundata
722 2154 834 2212 ope
892 2140 1247 2199 substantiae
1304 2144 1646 2202 muscularis
1692 2144 1843 2202 infra
1892 2144 1967 2201 ad
2014 2160 2077 2202 os
2123 2144 2224 2216 hy-

177 2232 370 2304 oides,
438 2237 728 2296 anteriora
771 2254 974 2296 versus
1030 2240 1105 2298 ad
1157 2242 1402 2300 mediam
1445 2243 1711 2302 maxillae
1759 2243 2049 2302 inferioris
2094 2258 2223 2315 par-

175 2334 287 2411 tem
333 2334 533 2392 affixa.
625 2334 751 2405 Quo
795 2336 1125 2396 insertionis
1171 2340 1341 2399 modo
1390 2342 1592 2414 organi
1636 2342 2004 2422 mobilitatem
2047 2341 2223 2415 majo-

173 2444 293 2487 rem
335 2431 462 2489 fieri
487 2433 625 2491 satis
650 2437 892 2506 constat,
935 2437 1204 2509 quoniam
1247 2439 1331 2496 sic
1365 2440 1633 2511 efficitur,
1679 2444 1745 2499 ut
1780 2440 2005 2500 animali
2030 2444 2085 2499 et
2121 2440 2221 2499 lin-

174 2543 347 2598 guam
392 2545 467 2588 ex
517 2532 633 2590 oris
680 2548 821 2592 cavo
866 2533 1156 2607 projicere
1211 2539 1267 2594 et
1309 2536 1516 2596 deinde
1568 2538 1817 2612 praeda,
1882 2539 2218 2612 praesertim

169 2627 514 2686 insectorum
539 2676 553 2700 ,
624 2635 888 2691 onustam
953 2635 1247 2692 retrahere
1311 2635 1499 2694 liceat.
1605 2637 1810 2712 Itaque
1878 2637 2216 2712 superficies

172 2727 370 2798 organi
424 2730 691 2802 superior
735 2731 792 2789 in
844 2731 1173 2792 inferiorem
1197 2780 1210 2804 ,
1275 2734 1514 2794 inferior
1555 2737 1613 2794 in
1664 2738 2020 2811 superiorem
2070 2753 2217 2796 com-

169 2826 439 2882 mutatur.

339 2923 560 2983 Eximia
603 2926 837 3000 linguae
880 2931 1165 2989 mobilitas
1210 2947 1323 2990 non
1364 2933 1534 2991 modo
1576 2935 1852 2992 musculis
1887 2935 2000 3008 ipsi
2043 2950 2216 3008 pecu-

168 3016 425 3092 liaribus,
472 3038 668 3084 verum
710 3028 880 3087 etiam
923 3030 1036 3088 illis
1067 3031 1320 3089 efficitur
1350 3033 1645 3103 musculis,
1692 3034 1808 3108 qui,
1857 3049 1931 3092 ex
1973 3034 2212 3093 diversis

169 3117 502 3188 regionibus
546 3128 827 3197 profecti,
890 3129 1008 3186 ossi
1062 3129 1261 3202 hyoidi
1304 3129 1651 3189 inseruntur.
1758 3130 1981 3200 Quibus
2026 3135 2214 3189 tamen

169 3222 569 3281 enumerandis
614 3225 972 3302 uberiusque
1017 3228 1411 3288 describendis
1457 3229 1845 3303 supersedens
1884 3230 1997 3291 hoc
2040 3228 2210 3288 modo
