2515 3892
345 346 402 392 O.
483 338 711 391 Stratum
752 331 1068 386 musculare.

569 449 613 513 e)
657 446 927 499 Musculus
967 451 1294 494 transversus
1335 441 1566 492 ramulos

741 579 825 608 αα.
864 559 916 607 in
954 553 1312 620 profundum,

734 673 816 737 ββ.
855 681 1066 720 sursum
1108 667 1365 716 emittens.

567 797 620 864 f)
659 796 883 848 Musculi
920 791 1326 859 longitudinales
1365 793 1698 842 transversim
1740 792 1967 842 dissecti.

736 929 809 975 yy.
869 904 1118 965 CanaleS‚
1175 905 1263 967 qui
1312 905 1576 955 musculos
1627 912 1925 969 permeant,
1980 912 2268 956 transverse

910 1007 1152 1067 dissecti,
1215 1021 1243 1056 a
1299 1006 1548 1056 Welcker
1605 1006 1917 1071 corpuscula
1957 1007 2269 1056 niuscularia

911 1108 1051 1158 dicti.

741 1224 815 1272 δ’ὁ.
868 1223 993 1272 Pars
1034 1223 1169 1271 inter
1210 1221 1303 1271 lios
1344 1220 1548 1270 canales
1589 1222 1788 1284 posita,
1843 1219 2055 1269 fibrillas
2114 1220 2271 1267 conti-

918 1335 1076 1382 nenS‚
1131 1335 1265 1384 quae
1306 1328 1474 1370 tamen
1531 1322 1628 1370 nisi
1669 1320 2001 1383 microscopii
2044 1320 2085 1368 vi
2122 1325 2275 1368 aucta

912 1436 1013 1472 non
1055 1422 1468 1485 conspicuuntur.

572 1535 623 1598 q)
665 1534 768 1585 Vas
809 1542 1100 1584 transverse
1141 1541 1458 1598 pei-sectum.

578 1646 632 1712 Ιι)
673 1648 867 1698 Nervus
910 1654 1202 1697 transverse
1243 1645 1517 1695 dissectus.

235 1834 394 1897 Εἰς.
437 1832 565 1882 lv.
643 1818 864 1891 Pupilla
918 1816 1202 1874 filisormis
1257 1831 1433 1872 sensu
1488 1813 1772 1871 strictiore
1834 1812 1988 1871 dicta
2050 1828 2081 1869 e
2123 1828 2284 1885 prae-

492 1935 693 2005 parato
741 1933 798 1989 in
843 1931 1011 1989 acido
1059 1929 1347 1988 chromico
1395 1927 1683 1985 indurato.

346 2079 409 2125 Α.
487 2071 608 2123 Axis
650 2072 749 2123 tela
790 2070 1113 2133 conjunctiva
1155 2075 1484 2119 constructus
1525 2081 1638 2116 cum

582 2205 666 2234 αα.
704 2184 837 2235 telae
876 2182 1233 2246 conjunctivae
1275 2154 1624 2244 corpusculis.

354 2321 420 2365 Β.
499 2312 732 2364 Cellulae
796 2309 1061 2370 ciliferae‚
1135 2321 1357 2372 quarum
1421 2320 1702 2371 processus
1766 2305 1962 2356 directo
2027 2306 2075 2353 in
2138 2317 2281 2353 axem

587 2416 877 2462 transeunt.

368 2547 424 2593 C.
501 2538 734 2590 Cellulae
779 2535 1078 2587 fusiformes
1120 2549 1235 2585 curn
1276 2533 1611 2598 processibus
1652 2531 1892 2581 brevibus
1930 2531 1982 2579 in
2021 2542 2164 2579 axem
2197 2529 2284 2578 ab-

589 2638 851 2688 eunnbus.

250 2825 410 2888 Εἰς.
449 2824 532 2873 v.
609 2808 830 2882 Papilla
875 2804 1158 2864 filisormis
1204 2819 1379 2861 sensu
1426 2800 1727 2859 strictiore.

359 2958 422 3004 A.
499 2950 621 3003 Axis
650 2950 749 3000 tela
778 2947 1104 3011 conjunctiva
1143 2949 1493 3002 constructuS‚
1537 2941 1585 2989 in
1628 2952 1780 3004 quem
1821 2936 2052 2988 fasciculi
2082 2949 2286 2985 muscu-

590 3051 726 3099 lares
760 3047 1008 3112 primitivi
1050 3044 1137 3111 (m)
1178 3044 1555 3109 porriguntur,
1597 3052 1821 3104 quorum
1861 3038 2032 3101 apices
2074 3034 2287 3085 extremi

597 3148 750 3199 liberi
790 3149 840 3197 in
881 3151 1218 3209 conspectum
1257 3140 1540 3206 prodeunt.

360 3284 424 3327 B.
505 3274 738 3325 Cellulae
778 3271 1036 3332 ciliferae,
1076 3271 1128 3320 in
1169 3282 1316 3319 axem
1359 3270 1710 3317 transeuntes.

368 3409 427 3456 G.
506 3401 737 3453 Cellulae
775 3397 1073 3450 fusiforrnes
1113 3399 1248 3447 inter
1274 3394 1487 3446 cellulas
1517 3389 1741 3441 ciliferas
1770 3387 2087 3450 interjectae,
2132 3388 2289 3433 strato

595 3499 726 3551 telae
766 3497 1123 3561 conjunctivae
1161 3495 1380 3560 propius
1417 3492 1546 3542 sitae
1587 3502 1701 3539 cum
1756 3499 1922 3550 eoque
1958 3481 2290 3549 processibus

600 3599 708 3649 suis
751 3610 1034 3648 connexae.
