2495 3806
1183 61 1306 136 14?

188 257 581 329 amplecterer.
694 252 973 325 Imagines
1043 248 1280 307 eaedem
1349 262 1575 321 semper
1629 253 1991 309 recurrentes
2070 270 2234 314 cana-

185 356 321 412 lium
366 352 839 427 tenuissimorumj
885 352 1136 422 systema
1181 347 1441 419 singulos
1483 347 1875 405 musculorum
1919 352 2232 412 fasciculos

185 452 498 527 primitivos
543 453 847 524 penetrare
889 447 1055 505 nobis
1098 445 1465 518 persuadent,
1514 444 1576 500 id
1607 445 1765 518 quod
1805 446 1939 505 inde
1984 450 2073 506 vel
2117 452 2235 524 pla-

186 553 315 609 nius
369 552 640 624 apparet,
708 546 864 621 quod
917 544 1195 615 imagines
1256 543 1467 601 similes
1524 542 1695 599 etiam
1759 547 2066 617 segmentis
2129 566 2235 622 per

185 649 596 722 longitudinem
658 646 827 704 factis
897 645 1244 712 offeruntur,
1322 640 1519 713 spatiis
1589 641 1742 698 cavis
1808 645 2230 719 fusiformibUS,

187 763 337 823 quae
399 746 788 820 compluribus
841 742 985 801 locis
1041 742 1284 799 alterum
1339 753 1516 812 super
1562 738 1804 798 alterum
1844 744 2034 815 posita
2078 748 2234 805 velut

186 848 380 906 striam
427 844 721 912 efficiunt,
771 841 1087 899 sententiae
1131 841 1213 897 illi
1256 836 1663 896 adminiculum
1707 842 2228 913 suppeditantibus.

186 948 347 1018 Quae
392 960 519 1013 res,
576 944 854 1016 quantum
897 956 1023 998 mea
1066 941 1181 997 fert
1226 937 1451 1011 opinio,
1509 936 1718 1006 agendi
1763 940 2010 1011 ratione,
2061 960 2233 1016 quam

186 1045 456 1102 Welcker
489 1044 547 1099 in
579 1042 688 1099 hac
717 1055 780 1097 re
823 1038 1270 1111 pervestiganda
1311 1035 1452 1104 iniit,
1502 1039 1641 1098 satis
1690 1040 1777 1095 est
1823 1039 2228 1100 demonstrata,

187 1144 405 1203 Etenim
445 1156 620 1199 ranae
672 1140 994 1197 musculum
1046 1137 1526 1209 gastrocnemium
1584 1142 1660 1200 ad
1712 1141 1934 1212 partem
1990 1141 2234 1198 mediam

192 1259 381 1316 usque
469 1244 625 1298 certa
709 1237 959 1311 quadam
1041 1236 1390 1295 rubramenti
1421 1237 1478 1313 7)
1565 1241 1840 1299 mixtione
1923 1239 2230 1310 imbutum,

194 1345 401 1416 quarta
444 1340 533 1397 vel
580 1337 812 1395 dimidia
856 1338 1035 1394 horae
1078 1338 1243 1407 parte
1288 1344 1518 1411 exacta,
1583 1345 1648 1398 ut
1689 1339 2040 1407 exsiccaret,
2099 1338 2232 1396 inde

193 1440 417 1499 exemit.
509 1439 669 1495 Haec
714 1435 924 1507 agendi
969 1435 1135 1504 ratic,
1188 1452 1336 1507 quae
1381 1438 1442 1494 id
1474 1440 1718 1497 maxime
1755 1439 2031 1510 praestat,
2078 1438 2236 1510 quod

184 1538 481 1597 musculus
516 1535 638 1608 jam
684 1534 1064 1591 dissecandus
1112 1533 1396 1593 volumine
1441 1554 1567 1608 suo,
1616 1539 1789 1612 quale
1831 1537 1949 1594 vita
1993 1536 2236 1595 durante

192 1639 333 1706 suit,
380 1652 582 1709 parum
628 1633 1000 1702 deminuitur,
1043 1633 1427 1704 canalicuIOS,
1489 1637 1588 1710 qui
1635 1637 1851 1693 directe
1899 1635 2097 1693 siccati
2142 1636 2264 1692 ad-·

194 1736 425 1794 modum
480 1736 894 1804 corrugantur,
934 1731 1243 1788 lumInibus
1289 1734 1464 1791 multo
1521 1734 2010 1792 manifestioribus
2050 1735 2240 1791 simul-

197 1850 309 1909 que
352 1831 641 1900 rotundis,
706 1830 1063 1888 observatori
1108 1833 1306 1900 oflert,
1358 1848 1602 1904 quorum
1647 1833 1922 1890 luminum
1967 1832 2236 1904 parieteS,

194 1933 555 1992 rubramento
619 1929 909 1998 imbibito,
982 1930 1229 2001 speciem
1285 1931 1665 1989 rubicundam
1728 1932 2023 2004 praebent.
2126 1932 2241 1989 Ru-

194 2034 516 2101 bramentO,
582 2044 697 2103 quo
759 2028 866 2086 soli
934 2028 1382 2086 canaliculorum
1442 2030 1693 2102 parietes
1755 2031 2084 2102 tinguntur,
2182 2031 2240 2087 in

197 2153 364 2194 usum
400 2145 696 2198 converso,
747 2128 916 2186 etiam
946 2131 1161 2200 puncta
1201 2128 1550 2196 tenuissima,
1597 2129 1747 2187 inter
1780 2129 2037 2200 singulas
2068 2129 2242 2186 fibril-

196 2236 281 2291 las
321 2231 653 2304 interjecta,
706 2243 858 2301 quae
905 2229 961 2283 et
1004 2227 1132 2298 ipsa
1177 2242 1281 2299 pro
1328 2227 1550 2284 lacunis
1596 2227 1863 2286 habenda
1909 2231 2071 2297 sunt,
2127 2228 2242 2285 ani-

196 2333 553 2391 madvertere
588 2329 740 2385 licet.
808 2324 1045 2398 Leydig,
1093 2324 1152 2380 id
1200 2325 1358 2397 quod
1400 2329 1455 2383 et
1486 2326 1698 2383 Rollett
1741 2326 2024 2396 admonet,
2071 2327 2239 2384 strias

197 2432 511 2498 t'uscioreS,
570 2426 890 2484 secundum
942 2423 1332 2480 musculorum
1375 2424 1786 2495 primitivorum
1826 2426 2240 2499 longitudinem

201 2531 598 2595 decurrenteS,
649 2541 723 2582 ex
769 2522 964 2580 talium
1006 2523 1344 2580 lacunarum
1386 2522 1884 2593 longitudinalium
1927 2539 2109 2597 prope
2149 2540 2240 2580 su-

200 2628 495 2702 perficiem
541 2625 778 2682 sitarum
821 2622 1152 2694 praesentia
1189 2621 1324 2693 Jure
1370 2622 1651 2694 repetirit.

371 2724 619 2795 Quodsi,
683 2720 1030 2779 canaliculos
1082 2720 1225 2777 istos
1268 2720 1326 2776 in
1371 2722 1760 2779 musculorum
1802 2719 2082 2778 fasciculo
2129 2719 2241 2791 pri-

203 2827 395 2884 mitivo
448 2823 686 2889 adesse,
747 2819 937 2876 multis
992 2834 1066 2875 ex
1114 2819 1375 2890 partibus
1435 2819 1573 2876 satis
1629 2820 2076 2876 demonstratum
2131 2820 2235 2886 est,

199 2927 318 2999 jam
364 2921 624 2997 quaestio
667 2922 952 2987 movetur,
1015 2918 1246 2990 quinam
1292 2918 1588 2975 canalibus
1630 2917 1742 2973 illis
1786 2916 2118 2988 propositus
2166 2916 2240 2973 sit

204 3025 350 3081 finis.
443 3021 628 3090 Quum
673 3033 940 3075 vasorum
990 3018 1173 3074 trunci
1225 3016 1396 3073 ramis
1453 3016 1673 3073 emissis
1727 3014 2120 3073 musculorum
2158 3017 2240 3071 fa-

205 3122 452 3179 sciculos
493 3119 871 3184 involventeS,
916 3131 1159 3188 quorum
1201 3115 1436 3173 vascula
1483 3113 1779 3186 capillaria
1825 3127 2236 3185 saepenumero

205 3221 350 3278 adeo
395 3222 526 3276 sunt
564 3216 785 3283 tenuia,
832 3217 896 3271 ut
942 3214 1258 3271 secundum
1305 3215 1648 3286 praeparata
1677 3211 1975 3284 Hyrtliana
2020 3214 2076 3268 et
2116 3226 2239 3268 sen-

206 3319 435 3377 tentiam
464 3334 497 3374 a
535 3314 831 3374 Koelliker
866 3313 1144 3385 prolatam
1164 3310 1220 3388 8)
1265 3328 1336 3369 ne
1383 3311 1729 3384 corpuscula
1775 3308 2069 3381 sanguinis
2118 3309 2239 3382 qui-

377 3555 432 3609 7)
494 3552 522 3596 1.
557 3565 596 3595 c.
629 3564 729 3606 pag.
761 3548 858 3593 230.

377 3638 434 3693 S)
497 3633 828 3677 Gewehelehre
863 3631 984 3676 1855.
1022 3643 1121 3686 pag.
1159 3628 1253 3674 199.
1286 3630 1307 3681 ἕ
1337 3628 1406 3672 85.
