2495 3806
1142 63 1305 139 '32

242 254 416 311 simae
464 251 721 325 corporis
768 250 917 307 telae
964 247 1420 318 circumdantur,
1469 251 1525 306 et
1570 246 1754 320 maj0r
1800 246 2062 305 extensio
2109 249 2165 304 et
2204 246 2282 303 in-

245 352 461 424 signior
506 350 579 408 ad
627 349 1008 421 organismum
1056 347 1299 419 dignitas
1345 347 1770 404 attribueretur.

866 501 925 561 2.
1014 499 1286 577 Papillae
1324 499 1654 576 filiforan.

415 645 539 716 Quo
586 644 812 702 nomine
865 643 1227 701 membranae
1279 656 1552 699 mucosae
1596 641 1831 712 linguae
1875 642 2281 714 prominentias

242 745 392 802 inter
446 743 692 816 papillas
748 741 1130 813 fungiformes
1187 741 1437 813 positaS,
1505 740 1615 797 illis
1669 756 1904 816 numero
1958 741 2130 813 longe
2173 744 2284 799 sre-

245 842 607 916 quentioreS,
671 840 1044 913 appellamus.
1133 840 1385 897 Possunt
1437 843 1628 897 autem
1670 840 1780 897 hae
1825 842 2045 897 formae
2090 855 2285 898 earum

243 941 506 998 diversae
554 939 865 997 observari.
958 938 1178 997 Etenim
1230 953 1426 995 earum
1467 937 1783 995 latitudinis
1832 937 2139 996 diametros
2185 942 2286 996 aut

243 1041 302 1096 in
345 1039 473 1096 basi
514 1038 796 1111 apiceque
839 1037 1038 1095 eadem
1093 1037 1370 1105 cernitur,
1434 1051 1548 1108 quo
1599 1036 1657 1092 in
1703 1052 1844 1093 casu
1888 1037 2136 1109 papillae
2180 1037 2286 1093 fili-

247 1137 444 1196 sormis
475 1152 679 1194 nomen
704 1135 995 1208 aptissime
1033 1135 1318 1192 delectum
1342 1134 1584 1203 videtur,
1620 1138 1736 1203 aut,
1771 1135 1898 1191 basi
1929 1135 2280 1206 angustiore,

245 1252 397 1310 apex
440 1235 609 1293 latior
651 1237 888 1306 apparet
935 1232 1019 1309 (p.
1068 1230 1352 1309 clavata),
1411 1236 1511 1289 aut
1565 1233 1813 1306 denique
1858 1234 2014 1291 basis
2062 1234 2280 1306 apicem

245 1334 545 1391 latitudine
602 1335 838 1405 superat
900 1326 984 1407 (p.
1034 1329 1284 1408 conica).
1383 1331 1532 1388 Inter
1588 1347 1732 1405 quas
1785 1334 2005 1390 formae
2051 1332 2283 1390 diversi-

246 1436 392 1490 tates
440 1432 695 1506 quamvi's
742 1431 965 1503 species
1011 1430 1166 1488 velut
1212 1430 1510 1487 transitum
1556 1433 1824 1502 parantes
1866 1431 2026 1488 haud
2069 1431 2279 1500 desint,

247 1535 435 1613 tamen
481 1530 731 1603 papillae
791 1530 1090 1587 filisormes
1148 1525 1331 1586 sensu}
1375 1529 1661 1587 strictiore
1711 1529 1897 1587 dictae
1951 1531 2009 1587 in
2061 1530 2284 1590 univer-

247 1647 372 1688 sum
422 1629 628 1687 ceteris
677 1645 912 1686 numero
975 1627 1323 1700 praevalent.
1426 1628 1496 1685 Ut
1547 1631 1762 1697 forma,
1818 1629 1898 1687 ita
1942 1627 2284 1702 papillarum

247 1728 597 1786 filisormium
649 1727 983 1799 magnitudo
1030 1726 1310 1802 variatur,
1381 1727 1459 1784 ita
1504 1730 1691 1784 tamen
1735 1730 1800 1785 ut
1844 1728 1902 1785 in
1956 1728 2284 1785 universum

247 1828 536 1884 affirmare
579 1826 775 1895 liceat,
840 1826 1073 1899 saepius
1119 1825 1463 1898 papillarum
1509 1826 1864 1897 singularum
1908 1826 2281 1895 latitudinem,

249 1942 419 2000 quam
464 1924 835 1994 altitudinem,
878 1924 1127 1981 differre.
1202 1925 1508 1997 Nunquam
1539 1924 1788 1998 papillae
1822 1926 2120 1983 filisormes
2158 1940 2286 1982 ean-

248 2026 393 2095 dem,
442 2040 612 2097 quam
651 2023 1047 2095 fungiformeS,
1090 2022 1445 2080 altitudinem
1490 2023 1793 2095 attingunt.

418 2122 957 2191 Prominentiarum,
1030 2137 1179 2194 quae
1240 2121 1584 2194 papillarum
1649 2122 1998 2181 filiformium
2063 2122 2286 2180 nomine

250 2225 546 2292 dicuntur,
619 2223 909 2279 structura
968 2220 1107 2277 satis
1152 2220 1396 2292 simplex
1435 2223 1705 2294 apparet,
1766 2225 1940 2295 atque
1999 2221 2074 2279 ad
2116 2237 2289 2279 unam

248 2321 509 2381 revocari
552 2324 744 2393 potest
787 2335 1056 2377 normam.
1147 2320 1347 2377 Partes
1391 2319 1648 2377 internae
1694 2321 1840 2378 enim
1884 2321 1980 2378 axi
2018 2321 2129 2378 tela
2159 2336 2289 2378 con-

242 2421 504 2496 junctiva
547 2419 866 2492 composito
917 2421 1264 2488 formantur,
1322 2419 1422 2493 qui
1475 2435 1701 2476 sursum
1740 2435 1941 2477 versus
1988 2419 2288 2491 angustior

253 2523 445 2577 factus
506 2518 755 2591 denique
811 2517 1035 2574 omnino
1098 2517 1404 2575 evanescit.
1488 2517 1550 2575 In
1604 2517 1831 2590 papillis
1886 2517 1982 2587 iis,
2047 2533 2289 2591 quarum

254 2619 410 2676 basis
447 2618 617 2675 latior
663 2620 750 2674 est
795 2617 992 2689 apice,
1057 2631 1193 2687 ergo
1233 2616 1291 2673 in
1337 2616 1579 2685 conicis,
1639 2631 1902 2673 necnon
1945 2615 2003 2672 in
2048 2615 2288 2686 singulis

257 2716 619 2775 filisormibus
674 2716 799 2773 axis
847 2716 955 2772 iste
1012 2730 1222 2787 corpus
1278 2718 1366 2773 est
1415 2714 1687 2784 solidum,
1754 2715 1857 2772 sed
1909 2730 2023 2772 non
2071 2713 2290 2787 ubique

259 2815 518 2888 ejusdem
547 2815 838 2883 materiae,
889 2829 1064 2886 quum
1096 2814 1152 2870 in
1182 2813 1368 2870 medio
1414 2813 1668 2886 cylindro
1710 2813 1893 2870 fibrae
1936 2813 2290 2870 musculares

262 2913 660 2971 extendantur.
743 2912 1043 2984 Plerisque
1086 2914 1274 2968 tamen
1317 2912 1375 2968 in
1423 2912 1653 2968 casibus
1698 2927 1791 2969 res
1830 2911 1909 2969 ita
1947 2927 2009 2969 se
2040 2927 2153 2969 non
2197 2912 2294 2968 ha-

258 3013 380 3081 bet,
436 3011 570 3080 sed,
627 3010 713 3067 uti
765 3009 1088 3067 mensiones
1144 3008 1493 3078 docuerunt,
1548 3009 1696 3066 inter
1751 3010 1879 3067 axis
1933 3013 2107 3083 atque
2149 3010 2295 3068 inter

257 3110 505 3182 papillae
559 3108 915 3166 latitudinem
961 3108 1106 3164 haec
1145 3107 1290 3164 ratio
1331 3103 1956 3176 o,ooo4“2o,0025⁴¹‚
2015 3107 2193 3165 altero
2239 3108 2296 3164 in

260 3225 401 3266 casu
447 3208 576 3265 talis
618 3208 765 3265 ratio
824 3202 1434 3276 o,0006⁴‘2o‚oo32¹¹
1487 3206 1825 3263 intercessit.
1921 3206 2176 3278 Papillae
2219 3206 2297 3262 la-

261 3307 444 3366 titudo
486 3307 534 3363 si
579 3306 762 3380 major
807 3307 919 3374 est,
984 3305 1111 3378 ejus
1166 3305 1290 3361 axis
1338 3320 1575 3378 quoque
1629 3320 1733 3376 pro
1771 3307 1897 3362 rata
1941 3307 2104 3376 parte
2147 3320 2298 3361 cras-

263 3406 380 3463 sior
426 3404 693 3463 cernitur.
783 3403 954 3473 Quod
995 3403 1266 3460 Waller
1294 3400 1389 3479 3⁰)
1451 3403 1772 3474 contendit,
1840 3404 1899 3461 in
1951 3404 2062 3462 hoc
2104 3403 2300 3461 unius-

413 3625 505 3680 ⁴30)
566 3624 738 3672 Philus.
772 3624 1004 3669 Transact.
1039 3623 1178 3676 1849,
1223 3638 1265 3679 p.
1302 3623 1397 3669 142.
