2495 3806
1161 60 1225 112 10

331 250 551 322 Quodsi
595 248 905 321 imagines,
975 263 1121 322 quas
1166 248 1400 319 linguae
1446 247 1681 305 raninae
1726 248 1970 305 musculi
2011 247 2211 306 micro-

164 351 364 424 scopio
433 349 690 407 adhibito
755 350 1029 416 offerant,
1095 346 1305 404 certius
1362 346 1833 418 contemplemur,
1903 347 2210 417 segmentis

163 449 504 508 transversis
543 448 778 518 linguae
826 446 1076 503 siccatae
1123 443 1480 502 tenuioribus
1515 444 1696 501 diluta
1740 444 1885 500 natri
1926 445 2211 502 solutione

165 549 442 618 tractatis,
487 548 593 605 has
617 548 741 602 fere
792 544 1046 602 rationes
1090 544 1511 601 observamus(
1547 542 1813 600 Proxime
1857 543 2006 599 infra
2049 559 2215 599 mem-

163 650 400 705 branam
460 661 755 704 mucosam
803 643 1048 701 musculi
1103 642 1411 700 transversi
1453 642 1636 699 fibrae
1679 641 1873 698 striam
1913 645 2214 713 angustam

165 748 532 804 efformautes
577 744 634 800 in
681 746 1054 815 conspectum
1099 742 1362 810 veniunt,
1437 755 1587 814 quae
1631 743 1818 797 tamen
1865 740 1923 796 in
1973 755 2215 812 praepa-

163 848 316 913 rate,
378 859 445 901 eo
490 859 604 918 quo
652 843 900 900 diximus
943 841 1114 899 modo
1162 844 1397 910 effecto,
1454 841 1514 897 id
1560 840 1717 913 quod
1761 854 1864 912 per
1909 855 1971 896 se
2016 839 2217 896 intelli-

164 945 334 1018 gitur,
384 959 488 1016 per
527 942 939 1014 longitudinem
984 941 1291 998 decursum
1333 940 1547 996 ineunt.
1639 939 1748 996 Hic
1791 938 1908 994 illic
1953 937 2215 1008 singulae

164 1045 347 1101 librae
386 1059 420 1099 a
459 1045 577 1100 tota
621 1041 868 1099 musculi
893 1039 1204 1098 transversi
1247 1054 1436 1095 massa
1481 1037 1801 1106 discedunt,
1851 1039 2045 1110 atque,
2088 1051 2217 1092 ean-

169 1145 297 1201 dem
343 1142 716 1199 directionem
761 1144 1145 1197 transversam
1207 1140 1546 1210 sequenteS,
1616 1137 1674 1192 in
1726 1135 2078 1208 profundum
2124 1134 2218 1191 de-

167 1241 467 1300 scendunt.
558 1238 684 1308 Quo
728 1239 810 1307 fit,
858 1241 921 1295 ut
965 1237 1155 1294 multis
1202 1237 1346 1293 locis
1391 1236 1782 1292 musculorum
1826 1250 1931 1306 per
1975 1233 2218 1304 longitu-

169 1342 356 1398 dinem
424 1336 848 1396 decurrentium
913 1338 1130 1393 tractus
1191 1336 1247 1392 in
1309 1335 1620 1392 fasciculos
1683 1334 2042 1406 colligantur.
2131 1334 2217 1389 Ex

166 1444 331 1514 parte
401 1438 581 1495 altera
649 1440 839 1493 autem
908 1436 1075 1493 etiam
1139 1436 1196 1492 in
1265 1450 1529 1507 supremo
1596 1434 1839 1490 musculi
1908 1433 2218 1490 transversi

169 1543 345 1598 strato
395 1537 604 1609 singuli
657 1535 922 1592 fasciculi
968 1535 1235 1606 primitivi
1288 1534 1671 1602 dimittuntur,
1727 1549 1820 1602 ae,
1876 1535 1999 1589 sere
2045 1532 2217 1588 rectis

170 1638 423 1711 angulis,
482 1636 557 1692 ad
601 1633 1078 1706 perpendiculum
1133 1633 1490 1705 superiorem
1543 1633 1772 1704 linguae
1833 1631 2040 1688 faciem
2101 1645 2221 1687 ver-

172 1757 271 1797 sus
314 1753 543 1795 sursum
573 1735 963 1808 porriguntur.
1037 1735 1312 1807 Imprimis
1347 1735 1822 1805 praeparatorum
1863 1730 2028 1787 acido
2063 1730 2222 1787 cliro-

171 1839 316 1896 mico
364 1836 760 1894 induratorum
794 1833 1099 1905 segmentis
1145 1837 1276 1905 apte
1322 1832 1594 1889 institutis
1636 1832 1819 1887 fibrae
1864 1829 2218 1887 musculares

171 1936 485 2012 parallelae
525 1935 672 1991 inter
705 1949 765 1990 se
809 1933 1052 2004 positae,
1096 1932 1373 1991 vallorum
1416 1929 1837 1987 slmilitudinem
1880 1930 2216 1995 1·eferenteS‚

174 2052 324 2094 nunc
374 2033 690 2105 maj0rilius
738 2048 888 2089 nunc
933 2031 1245 2089 minoribus
1292 2029 1603 2087 intervallis
1647 2027 2031 2099 interpositIS,
2099 2043 2219 2082 sur-

173 2153 298 2193 sum
343 2132 698 2190 adscendere
747 2134 1072 2188 cernuntur.

340 2233 491 2289 Infra
537 2234 792 2299 stratum,
842 2230 1001 2303 quod
1034 2229 1613 2296 commemoi·avimUS‚
1664 2241 1850 2299 eoque
1892 2225 2096 2297 partim
2137 2224 2215 2280 in-

175 2332 320 2390 clusi
362 2330 750 2388 musculorum
787 2330 1021 2400 linguae
1068 2345 1171 2402 per
1213 2327 1626 2399 longitudinem
1670 2327 2067 2397 porrectorum
2110 2326 2219 2379 tra-

174 2436 328 2499 ctUS,
385 2444 529 2502 quos
575 2429 632 2485 in
679 2428 987 2500 segmentis
1034 2427 1374 2484 transversis
1417 2425 1584 2482 etiam
1630 2422 1996 2480 transversim
2042 2422 2221 2478 disse-

176 2534 300 2588 ctos
344 2543 625 2602 apparere
670 2543 773 2599 per
815 2543 877 2584 se
921 2527 1125 2595 elucet,
1173 2525 1480 2582 decursum
1520 2523 1735 2579 ineunt.
1835 2520 1943 2590 Qui
1981 2524 2215 2589 tractuS,

176 2630 323 2687 telae
371 2625 767 2699 conjunctivae
814 2628 1085 2682 stromate
1130 2639 1235 2696 per
1279 2626 1453 2680 totam
1507 2622 1759 2692 linguam
1822 2625 2092 2690 extenSO,
2161 2620 2218 2675 in

177 2726 501 2799 complures
546 2741 697 2782 nunc
742 2723 991 2796 majores
1044 2739 1194 2780 nunc
1240 2722 1485 2778 minores
1534 2720 1944 2777 fasciculorum
1988 2719 2221 2792 primiti-

177 2842 376 2884 vorum
423 2827 682 2882 catervas
731 2822 1006 2894 disparati
1052 2826 1214 2888 sunt,
1275 2835 1445 2892 quam
1489 2819 1659 2876 telam
1706 2817 2120 2890 conjunctivam
2167 2822 2223 2876 et

178 2925 336 2981 nervi
380 2926 435 2980 et
478 2937 746 2980 vasorum
790 2921 975 2978 trunci
1017 2921 1073 2976 in
1106 2921 1360 2978 diversas
1399 2918 1665 2988 regiones
1709 2917 2007 2974 tendentes
2051 2932 2221 2990 pene-

178 3026 343 3079 trant.
420 3022 622 3093 Neque
655 3023 841 3077 tamen
881 3034 1121 3091 semper,
1167 3018 1215 3075 si
1259 3018 1549 3088 segmenta
1578 3015 1870 3087 inspiciaS,
1913 3031 2011 3072 vas
2044 3031 2217 3072 nervo

180 3121 449 3193 stipatum
482 3118 919 3186 animadvertam,
970 3116 1073 3174 sed
1110 3130 1518 3187 nonnunquam
1550 3113 1664 3170 duo
1698 3128 1965 3170 vasorum
2009 3113 2220 3169 lumina

178 3220 420 3275 alterum
476 3218 644 3290 juxta
697 3218 938 3274 alterum
991 3215 1214 3287 posita,
1286 3228 1530 3285 quorum
1584 3227 1757 3268 [inum
1813 3209 2057 3267 arteriae
2112 3210 2215 3278 sit,

177 3318 417 3374 alterum
461 3330 671 3384 venae,
741 3316 799 3372 in
845 3317 1213 3386 conspectum
1262 3311 1484 3368 dantur.
1577 3309 1845 3366 Attamen
1889 3308 2053 3365 etiam
2102 3308 2216 3366 duo

176 3429 480 3471 nmmum
510 3413 773 3470 lasciculi
804 3414 947 3470 alter
979 3411 1239 3485 ploxime
1272 3411 1512 3468 alterum
1545 3409 1653 3478 siti,
1715 3410 2006 3484 segmento
2042 3410 2220 3483 trans-

178 3512 386 3568 v·e1sali
429 3514 615 3580 factO,
664 3511 920 3583 conspici
965 3513 1199 3583 queunt.

351 3609 595 3667 Musculi
640 3609 1005 3668 transversim
1049 3607 1231 3665 striati
1278 3610 1631 3678 segmentum
1672 3605 2050 3664 tiansversale
2100 3602 2219 3675 jam
