2515 3892
1232 109 1294 161 91

256 298 590 368 volvuntur,
660 312 839 357 venae
896 311 926 354 e
983 295 1177 353 colore
1238 298 1388 353 ssavo
1452 293 1864 366 sanguinisque
1925 292 2166 351 circuitu
2223 292 2297 349 ad

257 397 491 469 linguae
549 396 799 454 radicem
865 409 1141 452 converso
1201 395 1648 464 cognoscuntur.
1735 394 1939 464 Magna
2006 391 2299 461 sanguinis

257 510 505 568 corpora
546 497 766 553 formae
813 494 1096 565 oblongae
1129 492 1450 550 incredibili
1505 491 1796 549 celeritate
1840 490 2026 562 spatia
2069 505 2300 562 percur-

256 597 418 663 runt,
488 593 623 651 dum
670 593 1020 666 corpuscula
1064 590 1412 664 lymphatica
1460 605 1637 663 parva
1682 588 2048 663 rotundaque
2094 587 2300 645 coloris

259 692 545 765 expertia,
588 691 927 764 praesertim
969 691 1106 748 aere
1150 689 1225 747 ad
1269 689 1523 760 linguam
1570 688 1784 745 diutius
1829 688 1939 745 vim
1978 686 2300 755 exhibente,

257 790 343 847 uti
387 791 525 848 satis
572 794 766 849 notum
813 793 926 859 est,
982 788 1208 862 longius
1251 803 1356 860 per
1402 790 1625 860 tempus
1673 802 1940 844 vasorum
1984 784 2301 858 parietibus

257 888 709 959 adhaerescunt,
767 904 957 964 neque
995 903 1250 962 unquam
1290 886 1581 945 celeritate
1620 884 1913 958 sanguinis
1958 882 2306 956 corpuscula

258 987 606 1062 adaequant

431 1088 585 1157 Jam,
654 1088 702 1145 si
747 1087 823 1144 ad
866 1103 1005 1147 vasa
1051 1088 1345 1157 tenuiora,
1409 1102 1560 1161 quae
1605 1085 1841 1159 proprie
1888 1082 2183 1156 capillaria
2231 1082 2309 1139 di-

258 1189 483 1256 cuntur,
527 1186 936 1255 transierimus,
987 1203 1055 1245 ea
1104 1187 1336 1261 quidem
1381 1187 1439 1244 in
1484 1185 1848 1244 membranae
1893 1197 2163 1240 mucosae
2208 1196 2306 1253 pa-

254 1285 406 1358 pillis
439 1284 894 1359 praesertimque
926 1285 984 1343 in
1014 1285 1464 1358 fungiformibus
1499 1299 1845 1359 quaeramus
1880 1283 2124 1354 oportet.
2196 1278 2305 1336 Hic

258 1399 358 1441 vas
411 1384 734 1455 advehens‚
801 1401 978 1458 quum
1030 1385 1275 1457 primum
1329 1384 1480 1441 infra
1535 1386 1760 1442 foveam
1821 1380 2010 1438 catillo
2071 1378 2306 1436 similem

259 1482 583 1552 advenerit,
653 1484 1031 1556 glomerulum
1084 1482 1267 1555 magis
1322 1482 1580 1540 minusve
1634 1481 1966 1555 perplexum
2024 1477 2307 1549 adspectu

257 1582 723 1655 pulcherrimum,
766 1582 882 1657 qui,
931 1583 979 1640 si
1011 1581 1266 1654 desuper
1298 1581 1668 1655 adspiciatur,
1717 1580 2055 1652 plerumque
2086 1573 2306 1632 numeri

259 1677 295 1740 8
323 1680 574 1755 supinati
598 1681 850 1754 speciem
876 1683 1062 1751 offert,
1101 1683 1351 1739 formare
1391 1696 1563 1754 quam
1597 1677 2019 1738 evidentissime
2044 1674 2301 1747 apparet.

259 1780 463 1854 Neque
497 1783 687 1838 tamen
712 1795 938 1853 semper
978 1780 1333 1853 glomerulus
1366 1794 1502 1838 vase
1530 1778 1849 1837 advehente
1876 1774 2101 1833 sinuato
2130 1770 2307 1828 effici-

261 1883 370 1950 tur,
399 1880 502 1938 sed
528 1894 942 1952 saepenumero
969 1880 1099 1937 talis
1126 1880 1468 1937 observatur
1490 1878 1574 1935 rei
1597 1876 1763 1946 ratio,
1793 1878 1858 1932 ut
1891 1889 1990 1932 vas
2016 1871 2304 1938 adferenS,

262 1978 363 2036 ubi
403 1979 646 2051 primum
678 1978 755 2037 ad
793 1978 1045 2052 papillae
1075 1978 1373 2050 fastigium
1406 1977 1654 2046 advenit,
1702 1990 1858 2033 ramo
1904 1973 2057 2031 latus
2080 1984 2305 2029 versus

264 2077 489 2148 emis50‚
523 2094 652 2136 cum
674 2092 811 2136 vase
838 2078 1114 2137 evehente
1143 2078 1512 2155 conjunctum
1548 2074 1861 2134 collaterali
1888 2068 2179 2143 sanguinis
2207 2067 2310 2124 cir-

265 2177 539 2235 culationi
562 2176 896 2235 formandae
920 2193 1116 2235 ansam
1133 2176 1428 2250 praebeat.
1460 2174 1758 2249 Ejusmodi
1775 2171 2077 2242 imaginem
2091 2164 2311 2239 Leydig

264 2275 412 2332 inter
457 2274 871 2334 delineationes
921 2276 1080 2348 operi
1126 2291 1302 2348 supra
1346 2274 1582 2332 laudato
1629 2271 1933 2345 adjunctas
1980 2266 2188 2340 optime
2235 2264 2313 2320 es-

263 2376 475 2431 fectam
519 2375 843 2447 proposuit.
926 2374 1040 2431 Vas
1086 2374 1144 2431 in
1186 2373 1460 2446 papillam
1509 2370 1839 2444 ingrediens
1884 2367 2076 2425 multis
2124 2365 2179 2421 in
2225 2376 2314 2418 ca-

268 2474 428 2531 sibus
475 2489 605 2531 cum
648 2490 785 2532 vase
833 2473 1170 2546 sanguinem
1213 2471 1347 2530 inde
1393 2474 1669 2530 efferente
1712 2469 1770 2526 in
1817 2466 2018 2525 eadem
2061 2460 2312 2537 papillae

265 2571 581 2630 latitudinis
617 2571 892 2630 diametro
928 2575 1016 2630 est
1058 2571 1328 2644 positum,
1380 2571 1460 2628 ita
1505 2574 1570 2628 ut
1615 2569 1866 2641 desuper
1908 2561 2148 2623 intuenti
2191 2572 2316 2630 spe-

270 2671 388 2728 cies
435 2673 742 2740 offeratur,
813 2671 981 2744 quasi
1026 2686 1126 2728 vas
1171 2669 1417 2727 funiculi
1460 2668 1647 2727 forma
1689 2665 1938 2740 papillae
1981 2660 2147 2719 basin
2191 2670 2316 2730 per-

270 2771 420 2826 meet
483 2768 829 2842 glomusque
882 2769 940 2826 111
993 2784 1063 2826 ea
1117 2768 1347 2830 obvium
1402 2783 1507 2840 pro
1555 2764 1850 2837 sanguinis
1906 2759 2148 2819 circuitu
2195 2752 2317 2811 vasi

266 2865 448 2939 priori
483 2866 831 2939 profundius
872 2868 982 2925 sito
1022 2866 1340 2925 collaterali
1382 2865 1684 2923 habendus
1731 2863 1804 2921 sit
1831 2858 1934 2937 17).
2012 2850 2318 2925 Sanguinis

270 2964 620 3037 corpuscula
659 2965 891 3024 vorticis
932 2965 1008 3022 ad
1050 2965 1231 3023 instar
1273 2980 1491 3022 summa
1532 2979 1661 3022 cum
1708 2960 2001 3019 celeritate
2047 2955 2193 3012 viam
2226 2949 2320 3006 de-

270 3079 448 3120 cursu
491 3063 605 3120 hoc
648 3063 873 3121 sinuato
917 3063 1056 3136 ipsis
1103 3063 1518 3138 praescriptam
1572 3058 1914 3126 conficiunt,
1984 3055 2218 3125 citoque
2263 3048 2320 3105 in

270 3176 540 3219 vasorum
586 3163 909 3235 systematis
957 3163 1158 3220 venosi
1202 3161 1633 3220 circulationem
1678 3159 1992 3216 transeunt.

444 3258 854 3318 Observatione
908 3259 1123 3318 diutius
1170 3261 1534 3329 continuata,
1596 3270 1876 3331 quaenam
1916 3252 2220 3325 praeterea
2265 3244 2322 3300 in

276 3360 648 3431 conspectum
693 3358 920 3416 veniant
963 3360 1362 3431 phaenomena
1409 3354 1780 3423 secundaria,
1829 3351 2041 3426 quibus
2080 3342 2322 3403 maxime

276 3455 574 3515 circulatio
622 3472 774 3514 nunc
817 3456 891 3514 ad
929 3459 1155 3532 tempus
1198 3457 1466 3516 desinens
1514 3470 1666 3513 nunc
1711 3452 1899 3510 denuo
1949 3447 2196 3506 adaucta
2230 3442 2326 3500 ad-

453 3675 525 3734 17)
583 3675 697 3719 Vide
728 3677 860 3721 Atlas
893 3691 934 3725 z,
970 3678 1242 3734 Microscop‚
1280 3678 1417 3721 Anat.
1453 3687 1543 3718 von
1577 3670 1848 3720 nassau,
1880 3666 1989 3713 Tap.
2025 3666 2114 3719 vn,
2146 3663 2261 3709 pict.
2283 3659 2324 3706 2.

1794 3759 1827 3808 2
