2495 3806
1144 86 1208 137 12

167 272 255 330 vel
299 271 543 328 maxime
589 271 905 340 confirmat,
955 271 1222 344 quoniam
1267 272 1505 329 materia
1549 273 1735 332 lucem
1780 274 1964 332 minus
2010 275 2211 332 refrin-

166 386 306 443 gens
354 370 530 428 multo
577 368 746 426 citius
793 368 975 427 altera
1021 369 1257 428 dissolvi
1301 368 1652 444 cernitur4).

340 481 663 549 Sententia,
748 495 863 552 qua
935 480 1326 538 musculorum
1389 483 1705 541 fasciculus
1771 484 2086 557 primitivus
2152 485 2209 542 in

166 579 503 638 fibrillarum
545 578 960 636 multitudinem
1007 576 1261 649 disjungi
1306 580 1587 651 creditur,
1634 582 1780 640 inter
1826 586 2093 640 auctores
2141 600 2208 642 eo

166 680 364 751 plures
416 681 585 735 nacta
641 680 729 734 est
789 676 1160 746 defensoreS,
1232 678 1390 750 quod
1442 679 1537 736 illa
1593 681 1651 736 in
1708 680 1947 737 fibrillas
2005 680 2207 739 divisio

168 777 362 835 adhuc
420 776 597 834 multo
660 775 920 848 saepius,
982 790 1151 847 quam
1208 776 1474 833 fasciculi
1520 779 1578 834 in
1624 778 1814 836 discos
1862 779 2206 850 distributio,

166 876 224 932 in
280 875 737 933 observationem
794 872 962 930 venit.
1076 873 1171 930 Ad
1235 874 1571 932 fibrillarum
1639 880 1984 934 structuram
2053 879 2211 951 quod

167 974 393 1043 attinet,
467 973 538 1030 de
597 987 665 1029 ea
712 970 942 1044 quidem
998 971 1258 1045 plerique
1313 973 1586 1045 histologi
1631 975 1778 1032 inter
1823 992 1884 1032 se
1931 978 2211 1034 consenti-

164 1078 296 1143 unt,
343 1073 470 1130 illas
532 1086 605 1128 ex
658 1070 955 1144 particulis
1014 1071 1362 1128 tenuissimis
1409 1077 1510 1130 aut
1553 1074 1931 1146 cylindraceis
1973 1080 2073 1133 aut
2117 1093 2211 1133 cu-

161 1172 306 1231 bicis
353 1172 499 1228 inter
543 1185 604 1227 se
662 1170 1025 1242 aggregatiS,
1087 1185 1236 1242 quae
1295 1173 1351 1227 et
1386 1170 1551 1243 ipsae
1596 1188 1798 1230 zonam
1843 1174 2078 1231 alteram
2122 1177 2211 1232 fu-

164 1273 424 1340 sciorem,
476 1270 712 1327 alteram
755 1268 1096 1326 lucidiorem
1143 1268 1464 1337 ostendant,
1512 1273 1872 1328 constructas
1916 1287 2045 1329 6556
2093 1289 2210 1330 cre·-

163 1371 381 1429 denteS.
429 1447 431 1449 ‚
474 1367 846 1425 Fuscioribus
909 1366 1287 1438 complurium
1353 1367 1693 1425 fibrillarum
1757 1371 1916 1427 zonis
1984 1386 2209 1444 semper

162 1472 309 1527 inter
353 1484 415 1526 se
460 1467 825 1525 conterminis
873 1466 1151 1534 efficitur,
1213 1467 1277 1521 ut
1320 1465 1378 1522 in
1417 1471 1714 1537 segmento
1757 1484 1863 1540 per
1904 1469 2209 1541 longitudi-

161 1585 290 1626 nem
332 1569 488 1624 facto
534 1565 706 1623 striae
748 1564 1086 1622 manifestae
1134 1566 1455 1638 tenuesque
1510 1581 1615 1637 per
1660 1569 2047 1625 transversum
2091 1571 2209 1625 ten-

164 1669 365 1726 dentes
414 1668 748 1738 appareant.
842 1663 1232 1721 Musculorum
1274 1665 1557 1723 fasciculo
1604 1666 1886 1737 primitivo
1929 1669 2208 1724 transver-

164 1768 267 1825 sim
315 1766 584 1832 dissecto,
636 1763 801 1820 etiam
849 1763 1124 1819 fibrarum
1150 1762 1502 1833 singularum
1547 1767 1838 1835 segmenta
1882 1768 2207 1824 transversa

161 1864 401 1923 intuenti
465 1865 804 1920 offeruntur.
909 1862 1069 1931 Quae
1134 1866 1426 1933 segmenta
1490 1867 1834 1935 punctorum
1886 1865 2207 1922 lucidorum

161 1964 325 2023 lineis
374 1963 643 2020 extremis
691 1961 1035 2019 tenuissimis
1084 1961 1565 2019 cii'cumdatorum
1612 1962 1864 2034 speciem
1905 1964 2202 2036 praebent,

165 2079 315 2139 quae
368 2062 558 2119 massa
618 2061 907 2133 pellucida
961 2076 1074 2118 non
1133 2061 1213 2117 ita
1270 2061 1509 2133 copiosa
1569 2061 1885 2118 arctissime
1942 2062 2090 2119 inter
2144 2077 2206 2118 56

165 2163 475 2236 conjuncta
523 2164 671 2217 sunt.
766 2160 870 2217 Cui
917 2160 1230 2218 sententiae
1277 2174 1391 2217 non
1435 2159 1820 2232 adstipulatus
1867 2156 2204 2236 Leydig5)

165 2263 557 2320 demonstrare
613 2261 881 2328 conatur,
945 2258 1184 2315 fibrillas
1238 2272 1387 2326 eam,
1459 2273 1629 2330 quam
1682 2256 1850 2314 modo
1906 2257 2208 2330 descripsi-

162 2378 308 2431 muS,
357 2360 609 2433 speciem
654 2361 963 2416 offerentes
1006 2358 1340 2431 neutIquam
1385 2357 1600 2414 solidas
1643 2371 1789 2425 esse,
1839 2356 1943 2413 sed
1981 2357 2208 2414 tubulo-

163 2477 290 2517 rum
350 2461 589 2516 formam
648 2461 895 2527 referre,
973 2457 1052 2515 ita
1108 2459 1173 2513 ut
1229 2455 1460 2528 opinata
1498 2456 1853 2513 fibrinarum
1912 2458 2205 2527 segmenta

162 2559 357 2632 potius
398 2559 455 2615 in
496 2573 687 2614 massa
729 2556 1083 2625 intermedia,
1133 2555 1301 2629 cujus
1349 2555 1572 2628 copiam
1617 2555 1913 2612 Koelliker
1959 2558 2015 2612 et
2050 2555 2207 2612 Bow-

163 2673 292 2715 man
329 2656 493 2730 justo
541 2655 859 2727 parciorem
908 2654 1333 2724 delineaverint,
1380 2654 1791 2711 contineantur.

327 2769 488 2839 Quae
541 2769 719 2838 ratio,
779 2769 826 2825 si
869 2770 1020 2826 forte
1062 2783 1197 2825 vera
1244 2782 1373 2824 esse
1418 2769 1830 2838 cognoscatur,
1888 2765 2202 2836 histologo-

164 2887 288 2927 rum
347 2870 655 2950 hucusque
714 2867 785 2924 de
836 2868 946 2924 hac
1001 2882 1064 2924 re
1127 2866 1557 2924 observationes
1608 2865 1765 2921 haud
1806 2880 2007 2937 parum
2051 2864 2204 2920 labe-

162 2970 383 3024 factare
430 2954 639 3039 possit3
689 2981 804 3039 qua
850 2980 1028 3022 causa
1075 2965 1283 3021 ductus
1327 2961 1722 3038 Welckerss)
1770 2962 2198 3035 disquisitiones

165 3081 199 3122 a
228 3065 448 3138 Leydig
488 3065 779 3122 institutas
828 3064 1040 3122 certius
1082 3063 1488 3121 examinandas
1528 3062 1799 3134 suscepit.
1892 3060 2076 3131 Quum
2111 3075 2196 3128 ea,

330 3343 384 3393 4)
443 3342 499 3386 Α.
533 3340 775 3393 Rollett,
826 3340 853 3386 1.
889 3353 927 3386 c.
962 3353 1061 3397 pag.
1100 3339 1166 3384 10.

331 3425 382 3480 5)
440 3423 594 3468 Ueber
646 3423 1035 3480 Tastkiirperchen
1088 3423 1175 3466 und
1224 3422 1595 3465 Muskelstructur
1643 3423 1686 3465 in
1737 3422 1997 3466 Miiller’s
2028 3421 2195 3465 Archiv

169 3494 293 3548 1856,
325 3509 426 3551 pag.
466 3495 545 3538 156
576 3502 621 3538 et
655 3495 748 3540 157.

330 3581 382 3637 6)
447 3581 784 3636 ssemerkungen
815 3594 893 3623 zur
926 3578 1254 3636 Micrographie
1285 3592 1375 3621 von
1404 3578 1691 3630 Welcker‚
1743 3579 1840 3623 Art.
1875 3575 2191 3620 Muskelfaser.

169 3663 269 3706 pag.
304 3650 386 3693 226
433 3651 501 3697 in:
547 3651 806 3694 Zeitschrift
835 3650 905 3694 fiir
944 3648 1179 3693 rationelle
1211 3649 1403 3693 Medicin
1433 3663 1525 3694 von
1555 3648 1699 3693 Henle
1731 3655 1775 3692 et
1805 3646 2007 3693 Pseuser.
2043 3646 2168 3693 1857.
