2495 3806
1065 33 1402 113 1111111

385 223 551 295 Quod
606 222 808 280 attinet
851 221 927 278 ad
975 220 1312 278 sententiam
1369 235 1404 276 a
1455 218 1770 275 Billroth
1800 215 1894 293 2⁷)
1945 219 2252 290 prolatam,

214 343 328 401 qua
374 322 612 382 extremi
664 336 969 378 nervorum
1021 319 1216 391 apices
1270 333 1399 374 cum
1457 316 1881 388 epithelialibus
1938 316 2118 388 partis
2167 334 2257 374 su-

214 424 456 499 perioris
501 420 752 494 papillae
799 418 1020 475 cellulis
1068 415 1359 488 conjuncti
1419 430 1547 472 esse
1596 414 1887 484 dicuntur,
1957 431 2071 472 non
2109 431 2258 488 pos-

217 539 341 580 sum
385 521 523 594 quin
577 533 816 591 prorsus
861 530 1097 587 negem,
1159 529 1414 587 unquam
1455 529 1544 569 me
1582 513 1750 569 talem
1796 528 2120 570 connexum
2165 513 2260 570 de-

217 620 574 696 prehendere
616 616 896 689 potuisse.
990 613 1347 686 Quamquam
1394 612 1542 667 enim
1586 625 1890 668 nervorum
1937 613 2114 680 fineS,
2174 612 2260 668 uti

218 725 274 778 et
320 718 612 791 segmenta
659 717 791 786 apte
835 712 1095 770 instituta
1141 714 1223 780 et,
1287 708 1766 784 quemadmodum
1811 726 1989 782 supra
2044 710 2261 767 monui-

217 835 359 887 mUS,
401 817 599 886 lingua
638 813 862 883 integra
898 809 1223 877 ostendunt,
1274 808 1609 865 cellularum
1641 807 2050 880 epithelialium
2082 811 2258 865 strato

216 916 474 989 proxime
519 910 836 978 accedunt,
891 912 1106 976 tamen,
1163 907 1264 964 ubi
1310 921 1613 963 nervorum
1668 906 1864 978 apices
1917 907 2088 978 plane
2133 922 2263 964 con-

222 1014 577 1087 spiciuntur,
635 1009 847 1066 nullam
904 1005 1188 1080 ejusmodi
1244 1004 1499 1076 epithelii
1550 1020 1677 1061 cum
1724 1005 1838 1061 tela
1882 1020 2089 1061 nervea
2134 1021 2264 1062 con-

210 1112 568 1186 junctionem
633 1109 862 1164 exstare
929 1108 1085 1162 certo
1150 1103 1477 1160 edocemur.
1577 1103 1711 1174 Ipsa
1777 1104 1982 1172 verba,
2054 1104 2263 1176 quibus

219 1209 522 1268 Billroth
552 1204 647 1282 28)
711 1220 1032 1262 connexum
1086 1203 1243 1259 illum
1311 1200 1608 1267 describit,
1676 1204 1733 1257 et
1787 1201 2126 1258 obscuriora
2178 1204 2259 1270 et,

220 1324 370 1382 quae
429 1305 593 1364 nobis
639 1302 1059 1376 persuadeant,
1128 1315 1332 1373 parum
1376 1299 1585 1356 idonea
1631 1302 1951 1372 apparent3
2018 1315 2263 1372 namque

220 1408 380 1465 hisce
425 1404 613 1464 verbis
655 1402 874 1460 utitur:

396 1504 630 1581 „Bringt
683 1517 814 1558 man
870 1500 961 1558 die
1015 1500 1205 1557 Zellen
1258 1499 1359 1556 der
1407 1498 1991 1572 Papill‘aroberflache
2045 1498 2265 1555 ausein-

219 1604 423 1673 ander,
467 1618 531 1660 so
578 1600 821 1658 erkennt
862 1615 1019 1668 man,
1068 1598 1201 1654 dass
1248 1598 1342 1655 die
1383 1597 1628 1655 mittlern
1668 1595 1759 1652 die
1804 1595 2093 1653 kleinsten
2138 1597 2266 1675 sind

216 1703 336 1760 und
395 1718 467 1758 an
528 1700 656 1757 dem
721 1700 926 1755 untern
992 1696 1150 1754 Ende
1205 1696 1359 1754 eines
1423 1695 1833 1767 gedrungenen
1894 1695 2261 1767 Zellkorpers

222 1801 388 1859 einen
452 1803 625 1857 etwas
683 1797 921 1869 langern
984 1796 1239 1852 Fortsatz
1305 1798 1537 1865 tragon,
1602 1793 1704 1850 der
1769 1793 1827 1849 in
1891 1793 1982 1850 ein
2040 1793 2263 1851 kleines

224 1899 569 1972 Knopfchen
629 1895 1003 1966 auszugehen
1055 1896 1252 1965 pflegt.
1346 1893 1515 1950 Diese
1569 1891 1816 1948 mittlern
1862 1891 2051 1948 Zellen
2110 1892 2265 1949 halte

224 1999 318 2056 ich
362 2000 461 2055 fiir
505 1996 596 2053 die
637 1993 944 2052 Endzellen
989 1992 1091 2049 der
1117 1993 1567 2059 Nervenfasern,
1615 1992 1714 2046 fiir
1759 1990 2050 2047 terminale
2086 1990 2269 2061 Gang-

224 2095 548 2163 lienzellen,
613 2093 705 2150 dle
750 2108 879 2149 man
917 2091 1134 2164 jedoch
1176 2090 1333 2147 nicht
1379 2090 1436 2145 in
1483 2088 1974 2160 Zusammenhang
2012 2089 2112 2145 mit
2158 2089 2268 2146 den

225 2195 645 2254 Nervenfasern
698 2192 875 2248 sehen
919 2190 1100 2258 kann,
1166 2189 1293 2246 weil
1341 2188 1433 2244 die
1484 2187 1733 2258 iibrigen
1774 2187 2267 2259 Epithelialzellen

226 2293 382 2350 nicht
445 2291 631 2348 isolirt
685 2291 933 2346 entiernt
978 2287 1207 2344 werden
1251 2286 1507 2355 konnen,
1572 2301 1689 2343 was
1749 2285 1962 2343 ebenso
2020 2288 2120 2342 sur
2176 2285 2268 2342 die

229 2389 595 2448 Riechzellen
640 2386 797 2460 gilt.“

399 2490 611 2546 Postea
633 2486 691 2543 in
714 2483 1200 2543 commentationis
1234 2498 1376 2540 suae
1400 2483 1514 2539 fine
1531 2481 1770 2540 Billroth
1801 2497 1874 2540 ex
1902 2482 2013 2539 hac
2038 2480 2270 2553 conjun-

235 2587 450 2655 ctione,
509 2600 680 2658 quam
726 2583 933 2640 adesse
977 2582 1329 2654 suspicatur,
1384 2581 1541 2637 haud
1582 2581 1906 2638 dubitanter
1952 2580 2266 2650 concludit,

235 2685 470 2743 cellulas
516 2685 656 2741 istas
701 2682 1051 2754 gustatorias
1096 2696 1241 2738 esse.
1316 2677 1481 2750 Quas
1516 2679 1932 2748 conclusioneS,
1980 2695 2156 2751 quum
2185 2694 2265 2747 re,

233 2768 316 2841 uti
359 2785 486 2856 ipse
532 2781 772 2840 Billroth
818 2779 1109 2848 concedit,
1157 2778 1409 2835 nondum
1455 2781 1610 2834 certo
1665 2776 2052 2834 demonstrata
2093 2777 2271 2833 nitan-

234 2886 351 2950 tur,
398 2881 666 2954 quoniam
705 2881 1007 2951 praeterea
1053 2876 1294 2933 cellulae
1337 2876 1483 2933 istae
1530 2875 1603 2931 ab
1650 2874 1887 2931 aliarum
1927 2875 2266 2947 papillarum

235 2980 456 3037 cellulis
512 2977 933 3051 epithelialibus
992 2978 1176 3032 forma
1235 2974 1374 3030 nihil
1432 2974 1784 3046 discrepant,
1845 2988 2268 3046 praeproperas

237 3094 390 3147 esse,
438 3077 717 3134 neminem
758 3077 1100 3145 negaturum
1142 3088 1269 3129 esse
1314 3071 1560 3129 confido,

405 3174 617 3232 Eadem
675 3174 746 3230 de
800 3174 1074 3229 fibrarum
1120 3169 1529 3228 muscularium
1581 3169 1830 3242 papillae
1874 3169 2043 3227 ramis
2086 3171 2271 3226 extre-

235 3274 339 3331 mis
408 3272 744 3330 contendam
804 3274 1055 3343 oportet,
1123 3269 1222 3343 qui
1289 3284 1460 3342 quam
1525 3269 1638 3325 alte
1703 3267 2087 3337 adscendant,
2147 3266 2269 3339 Jam

403 3505 477 3561 27)
541 3506 569 3550 Ι.
604 3520 642 3551 c.

683 3520 726 3560 p.
759 3504 801 3549 2.

403 3588 478 3647 28)
536 3588 565 3633 Ι.
599 3602 638 3641 c,
682 3601 725 3644 p.
761 3588 801 3632 3.
