2515 3892
1253 112 1316 163 31

1114 183 1426 190 &Mad—mr
1428 186 1448 190 -

265 313 444 370 supra
489 295 1070 354 commemoravimus
1159 294 1428 353 Attamen
1481 297 1591 354 hae
1641 313 1756 355 non
1801 300 1933 355 sunt
1974 298 2082 355 nisi
2124 301 2305 358 fibrae

264 396 556 467 singulae,
606 410 854 468 namque
898 393 1165 451 fasciculi
1208 394 1549 450 muscularis
1594 397 1734 452 rami
1778 397 2044 469 plerique
2092 400 2307 457 tantum

264 493 552 550 dimidiam
589 492 944 550 altitudinem
974 492 1223 564 papillae
1268 496 1674 564 assequuntur,
1722 494 1802 551 ita
1832 498 1914 563 ut,
1964 510 2159 552 eorum
2190 499 2305 569 api-

262 608 359 649 ces
388 592 603 649 liberos
646 606 937 664 nunquam
984 589 1206 647 omnino
1252 590 1474 646 cellulis
1511 591 1934 663 epithelialilms
1970 593 2307 666 conjunctos

262 707 429 758 esse,
501 690 672 763 plane
730 689 1066 761 conspicere
1122 688 1311 745 liceat.
1404 688 1647 747 Billroth
1707 707 2052 763 quamquam
2105 693 2307 751 horum

262 805 498 864 quoque
543 803 831 845 ramorum
877 803 1005 844 cum
1049 785 1272 843 cellulis
1316 787 1740 858 epithelialibus
1783 805 2104 847 connexum
2148 793 2302 849 nullo

258 888 428 946 modo
463 887 728 944 distincte
772 885 1062 954 describit,
1108 888 1295 941 tamen
1334 900 1408 941 ex
1449 886 1576 959 ejus
1617 888 1806 944 verbis
1843 889 2047 958 elucet,
2090 893 2302 949 etcum

193 1025 205 1031 2
260 986 481 1044 cellulis
531 985 933 1042 susiformibus
995 987 1050 1040 et
1118 999 1247 1039 cum
1301 983 1678 1056 cylindraceis
1755 1002 1967 1044 nexum
2021 989 2304 1060 quendam

260 1085 451 1143 statui.
529 1081 665 1156 Qua
705 1084 776 1140 de
824 1098 1001 1140 causa
1048 1097 1282 1156 quoque
1313 1083 1622 1141 Billrotn
1653 1081 1747 1160 29)
1797 1086 2036 1143 cellulas
2074 1089 2305 1145 susisor-

259 1200 378 1242 mes
426 1184 650 1241 nomine
691 1181 983 1239 tendinum
1026 1184 1407 1238 extremarum
1455 1180 1666 1257 (letzte
1709 1184 1966 1260 Selmen)
2013 1187 2301 1259 appellat,
2362 1181 2366 1185 ’

259 1286 345 1352 at,
418 1282 677 1356 quamvis
739 1281 1130 1338 musculorum
1192 1280 1334 1336 rami
1402 1296 1529 1337 cum
1598 1282 1819 1339 cellulis
1882 1285 2302 1355 epithelialibus

258 1382 393 1439 nexi
439 1382 565 1450 sint,
615 1384 803 1438 tamen
847 1394 1089 1437 necesse
1135 1394 1248 1435 non
1299 1394 1428 1437 0550
1471 1380 1778 1451 contendit,
1826 1382 1954 1439 11105
1987 1383 2304 1441 admotum

259 1481 632 1539 vibratorium
671 1480 846 1536 ullam
890 1479 999 1537 vim
1046 1477 1337 1534 exhibere.

425 1577 622 1652 Quum
668 1595 840 1652 quam
884 1577 1198 1635 certissime
1242 1576 1378 1633 mihi
1422 1579 1840 1649 persuaserim,
1897 1579 2115 1637 0111111111
2156 1581 2301 1638 inter

259 1679 401 1736 telas
447 1678 830 1735 muscularem
872 1691 1255 1749 nerveamque
1301 1679 1356 1732 et
1402 1676 1545 1733 telas
1594 1677 1952 1748 epitheliales
1989 1694 2301 1737 connexum

258 1777 650 1847 intercedere,
719 1779 784 1833 ut
827 1775 1018 1832 multis
1065 1775 1190 1831 aliis
1249 1775 1307 1831 in
1355 1775 1615 1844 casibus,
1684 1776 1764 1832 ita
1806 1776 1863 1832 in
1914 1777 2025 1833 hoc
2069 1793 2301 1851 quoque

259 1876 578 1934 doctrinam
622 1891 656 1932 a
698 1877 1078 1947 praeceptore
1123 1888 1338 1930 summe
1390 1874 1713 1932 venerando
1769 1875 2116 1946 Reichert,
2184 1876 2306 1933 uni-

258 1975 548 2032 versitatis
609 1974 784 2046 hujus
840 1972 1128 2046 quondam
1179 1974 1515 2044 professore
1577 1974 1925 2044 clarissimo,
1994 1975 2302 2047 prolatam,

262 2091 378 2148 qua
424 2073 798 2146 gravissimae
846 2071 1155 2143 organismi
1202 2071 1524 2129 animalium
1570 2073 1718 2130 telae
1763 2073 1918 2130 nullo
1966 2072 2180 2130 directo
2227 2074 2306 2130 in-

260 2176 347 2230 ter
389 2188 451 2230 se
498 2170 978 2266 nextkcontineri
1023 2173 1316 2242 putantur,
1360 2155 1450 2227 vel
1488 2171 1732 2228 maxime
1776 2172 2109 2229 confirmari
2153 2172 2305 2229 vide-

257 2287 403 2328 mus.
495 2270 836 2343 Ubicunque
904 2269 1052 2327 00101
1118 2269 1262 2327 telas
1326 2270 1453 2328 illas
1520 2271 1578 2328 10
1645 2285 1890 2342 corpore
1956 2270 2300 2343 reperimUS,

263 2383 611 2444 quamquam
658 2384 756 2426 eas
801 2368 1062 2440 proximo
1109 2367 1256 2424 inter
1303 2384 1366 2426 se
1418 2371 1690 2427 contactu
1742 2369 1964 2448 positas
2013 2383 2140 2425 esse
2188 2383 2306 2425 cer-

260 2485 483 2538 namUS,
530 2483 814 2541 nusquam
858 2470 1047 2524 tamen
1083 2469 1277 2538 partes
1323 2481 1520 2524 earum
1565 2448 1961 2525 elementarias
1995 2466 2211 2524 directo
2249 2467 2306 2523 in

263 2568 434 2625 telam
476 2567 716 2625 vicinam
756 2567 998 2624 transire
1044 2564 1564 2623 animadvertimus
1634 2563 1804 2638 Quae
1848 2566 1945 2623 lex
1974 2581 2008 2622 a
2039 2564 2305 2622 Reichert

261 2669 631 2739 propugnata
692 2665 913 2723 etiamsi
972 2666 1227 2736 tempore
1277 2664 1670 2722 recentissimo
1737 2664 1945 2721 multos
2008 2667 2174 2721 nacta
2230 2664 2303 2720 sit

261 2764 656 2834 adversarios,
727 2764 826 2837 qui
875 2762 1160 2830 nonnullis
1215 2763 1273 2819 in
1325 2762 1497 2835 10015,
1564 2763 1649 2819 1111
1705 2762 1762 2819 10
1815 2762 1940 2819 nasi
1978 2762 2300 2819 membrana

259 2879 514 2932 mucosa,
557 2863 835 2920 directum
880 2862 1028 2920 telae
1074 2877 1319 2919 nerveae
1350 2861 1407 2918 in
1440 2861 1582 2918 telas
1618 2860 1971 2933 epitheliales
2006 2859 2301 2916 transitum

261 2961 369 3018 sibi
414 2961 838 3019 demonstrasse
884 2962 1177 3032 videntur,
1237 2966 1423 3020 tamen
1469 2962 1615 3019 haec
1659 2961 1851 3035 opinio
1899 2958 2302 3032 disquisitioni-

260 3060 371 3116 bus
418 3060 744 3132 nuperrime
788 3061 883 3118 hic
918 3061 1157 3133 Dorpati
1198 3061 1472 3119 institutis
1518 3060 1673 3117 nullo
1716 3058 1883 3116 modo
1930 3056 2299 3129 comprobata

262 3161 375 3227 est,
424 3158 530 3215 sed
568 3159 761 3231 potius
808 3175 876 3216 eo
922 3162 1283 3232 perventum,
1329 3163 1418 3229 ut,
1472 3159 1571 3233 qui
1613 3159 1919 3228 hucusque
1962 3154 2109 3212 10101·
2152 3153 2295 3210 telas

260 3272 525 3314 nerveam
571 3260 628 3314 et
670 3257 1088 3330 conjunctivam
1144 3258 1438 3315 constituti
1489 3259 1651 3314 erant
1702 3254 1940 3323 limiteS,
2009 3251 2174 3310 valde
2219 3251 2298 3307 in-

261 3357 447 3413 certos
487 3370 617 3413 esse
659 3360 1126 3427 cognosceretur,
1170 3373 1239 3415 ac
1271 3357 1418 3414 telae
1462 3353 1878 3427 conjunctivae,
1925 3366 2040 3425 qua
2085 3349 2296 3421 gravis-

429 3669 500 3724 29)
559 3670 588 3717 1.
623 3684 661 3717 c.
703 3685 746 3728 p.
777 3670 819 3716 2.
