2515 3892
306 305 473 377 fungi
528 309 768 367 formam
825 325 966 382 prae
1020 328 1082 371 se
1127 317 1265 384 sert,
1336 320 1559 379 omnino
1609 323 1926 397 obtegitur,
1996 329 2346 407 linguaeque

301 405 629 463 membrana
676 424 912 466 mucosa
964 426 1272 484 corporum
1316 418 1694 479 rotundorum
1740 425 1910 483 fovea
1952 429 2344 499 praeditorum

300 502 661 563 multitudine
717 507 903 565 obsita
947 514 1216 582 apparet,
1276 529 1425 586 quae
1471 533 1715 591 corpora
1760 538 1793 579 a
1825 523 2215 605 Waller12),
2285 536 2342 589 at

298 601 501 659 melius
534 604 606 660 ab
638 605 690 661 H
702 607 890 664 assal
919 604 1047 685 ¹3²²),
1098 609 1383 670 delineata
1421 614 1655 694 suntss).
1719 622 1907 680 Massa
1939 626 2187 696 papillae
2218 630 2341 685 fun-

298 698 634 759 damentalis
682 705 829 763 telae
874 706 1275 780 conjunctivae
1322 715 1534 772 stroma
1581 721 1698 787 est,
1747 722 1948 794 amplis
1995 724 2215 782 nucleis
2262 727 2340 784 in-

295 799 608 871 structum,
679 806 1042 864 membranae
1098 824 1370 869 mucosae
1429 814 1760 885 epithelium
1814 836 2042 879 sursum
2086 825 2334 888 trahens,

292 897 516 956 Stroma
558 899 701 958 illud
747 903 876 961 telis
919 904 1066 964 intra
1105 896 1390 981 papillam*
1421 913 1623 983 positis
1677 916 1932 989 firmum,
2001 937 2116 994 quo
2165 925 2338 981 conti-

288 1006 556 1068 neantur,
626 999 1032 1063 adminiculum
1086 1009 1344 1079 praebet.
1434 1012 1694 1087 Namque
1755 1016 1903 1075 telae
1954 1018 2048 1077 isti
2106 1020 2336 1094 conjun-

289 1094 471 1154 ctivae
518 1112 657 1155 vasa
704 1102 980 1176 nervique
1029 1108 1085 1162 et
1126 1108 1372 1165 musculi
1417 1109 1682 1170 immersa
1729 1119 1876 1173 sunt.

456 1234 508 1298 ³⁶)
585 1235 965 1292 Adnotatio.
1046 1243 1277 1311 Uterque
1318 1259 1667 1305 scrutatorum
1718 1256 1874 1307 modo
1916 1257 2200 1323 dictorum,
2264 1265 2335 1313 uti

284 1320 561 1371 verisimile
613 1331 715 1385 est,
776 1334 993 1391 propter
1047 1328 1300 1384 foveolam
1359 1336 1500 1387 illam
1551 1340 1776 1403 papillas
1835 1341 2180 1410 fangiformes
2233 1363 2327 1412 pro

282 1404 545 1470 glandulis
586 1407 767 1460 habuit
806 1412 1111 1479 nullamque
1153 1432 1214 1468 ex
1269 1420 1330 1470 iis
1381 1424 1725 1475 secretionem
1778 1428 2043 1479 observari
2095 1433 2330 1482 miratur.

280 1489 465 1543 Postea
514 1492 785 1557 Waller,
859 1512 1037 1549 errore
1093 1515 1189 1552 suo
1241 1507 1482 1571 cognito,
1554 1510 1603 1558 in
1663 1516 2097 1566 commentatione
2168 1518 2330 1568 tribus

282 1576 430 1626 annis
468 1585 589 1641 post
627 1580 923 1644 annalibus,
969 1586 1057 1648 qui
1103 1588 1347 1648 „Pliilos.
1380 1592 1795 1646 Transactious“
1837 1600 2210 1663 inscribuntur,
2254 1604 2328 1652 in-

285 1667 422 1710 serta
461 1662 683 1727 papillas
722 1667 847 1718 istas
888 1677 1025 1720 recte
1067 1671 1397 1738 dijudicavit,
1454 1693 1508 1728 se
1546 1688 1695 1732 antea
1735 1683 1822 1733 alii
1861 1684 2123 1737 addictum
2167 1686 2326 1738 fuisse

283 1748 566 1799 sententiae
606 1764 709 1801 non
751 1767 1186 1810 commemorans.

1024 1939 1108 2005 a)
1184 1943 1301 1995 De
1356 1949 1582 2000 vasis.

441 2092 524 2148 De
571 2108 843 2153 vasorum
888 2096 946 2154 in
988 2099 1207 2171 papilla
1254 2101 1662 2176 dispositione,
1710 2108 1922 2168 usitata
1968 2111 2321 2185 disquirendi

269 2188 538 2248 methodo
610 2193 904 2266 adhibita,
993 2205 1257 2260 eventum
1322 2221 1526 2277 parum
1592 2207 1862 2268 idoneum
1931 2211 2315 2284 adipiscimur.

268 2286 519 2358 Etenim,
587 2292 634 2348 si
691 2298 1047 2366 segmentum
1107 2303 1279 2359 tenue
1334 2306 1578 2363 recentis
1632 2310 1994 2368 membranae
2046 2328 2317 2370 mucosae

266 2385 501 2458 linguae
548 2390 691 2449 vitro
738 2409 832 2451 res
877 2396 1258 2472 microscopio
1310 2402 1606 2476 subjectas
1650 2409 1892 2479 serenti,
1962 2426 2148 2484 aquae
2192 2416 2317 2483 gut-

267 2485 387 2543 tula
451 2488 813 2562 humectato,
884 2494 1182 2555 immiseris
1243 2500 1507 2576 vitroque
1574 2508 1801 2578 tegente
1870 2510 2311 2582 superimposito

263 2584 643 2659 microscopio
687 2590 1027 2664 subjeceriS,
1078 2612 1151 2655 ex
1192 2599 1385 2658 colore
1428 2604 1689 2663 subflavo
1734 2606 1881 2665 duos
1923 2624 2189 2666 vasorum
2224 2611 2312 2665 su-

263 2683 485 2742 niculos
532 2687 792 2748 sinuatos
830 2694 1171 2764 parallelum
1214 2698 1363 2756 inter
1408 2717 1470 2759 se
1505 2703 1811 2762 decursum
1855 2710 2110 2766 tenentes
2140 2708 2309 2781 plane

265 2781 593 2856 discernaS,
663 2789 763 2862 qui
817 2795 1004 2850 tamen
1053 2797 1343 2868 quomodo
1390 2799 1448 2856 in
1502 2802 1754 2874 papillae
1811 2807 2117 2877 superficie
2162 2807 2309 2865 inter

262 2896 323 2938 se
363 2881 698 2957 jungantur,
743 2888 1086 2965 plerumque
1135 2896 1208 2953 ob
1252 2899 1511 2970 corporis
1547 2901 1893 2973 cylindracei
1935 2906 2308 2978 compressio-

260 2995 386 3037 nem
430 2997 633 3053 parum
673 2987 928 3060 perspici
967 2993 1176 3063 potest.
1253 2996 1521 3055 Attamen
1562 3002 1681 3057 tota
1721 3001 1800 3058 rei
1837 3002 2002 3072 ratio,
2051 3004 2098 3060 si
2127 3020 2302 3062 ranae

258 3077 497 3136 viventis
539 3081 794 3154 linguam
842 3102 953 3160 ope
997 3089 1360 3167 microscopii
1403 3098 1915 3170 pervestigaveris,
1973 3118 2142 3173 quam
2186 3103 2303 3174 pla-

259 3176 489 3236 nissime
536 3184 808 3252 cognosci
847 3189 1057 3257 potest.
1133 3191 1335 3266 Neque
1382 3195 1566 3252 solum
1608 3197 1719 3254 hac
1752 3198 1822 3254 de
1868 3214 1948 3268 re,
1997 3199 2300 3257 sedetiam

259 3274 331 3333 de
378 3279 675 3349 sanguinis
725 3281 1124 3357 circulatione,
1184 3292 1412 3363 (ntalem
1458 3297 1515 3352 et
1557 3295 1669 3353 hoc
1715 3299 1772 3353 et
1817 3297 2021 3354 ceteris
2067 3297 2299 3370 linguae

431 3541 500 3598 12)
558 3542 824 3602 philosoph.
858 3547 1094 3605 Magazine
1128 3552 1264 3607 1846,
1300 3554 1408 3602 Tali.
1444 3556 1475 3601 Ι.

429 3624 525 3678 l3a)
586 3626 643 3673 A.
679 3628 767 3672 Hill
802 3631 1069 3687 Hassall,
1103 3635 1487 3696 Microscopisclie
1518 3642 1784 3696 Anatomie,
1834 3646 2061 3690 iibersetzt
2089 3661 2178 3690 von
2210 3648 2289 3694 Dr.

263 3689 374 3735 Otto
406 3694 743 3746 Kohlschiitter.
779 3700 968 3760 Leipzig
999 3704 1133 3759 1852,
1174 3709 1305 3752 Atlas
1336 3709 1443 3754 Tab.
1478 3710 1565 3758 Vll.
