2515 3892
1301 143 1370 194 25

301 323 624 395 retardata,
681 325 740 383 in
782 325 971 384 media
1015 328 1283 386 foveolae
1333 330 1522 389 catillo
1567 332 1762 392 similis
1809 341 1974 409 parte
2019 358 2170 401 nunc
2215 347 2354 406 duo·-

300 440 428 481 rum
470 441 622 482 nunc
667 424 836 482 trium
880 440 1184 484 nervorum
1227 428 1426 500 apices
1470 435 1896 504 conspeximus.
1976 440 2062 497 EX
2109 459 2353 514 quorum

302 523 677 596 dispositione
724 523 1097 597 conjiciamus
1147 529 1392 599 oportet,
1440 530 1716 589 fibrarum
1762 534 2115 606 singularum
2158 544 2352 615 apices

300 626 643 696 punctorum
687 622 867 680 instar
896 623 1163 681 foveolae
1211 627 1468 684 centrum
1511 629 1829 690 circulatim
1870 635 2117 708 cingere,
2165 656 2352 715 eoque

298 722 470 780 modo
512 721 686 791 effici,
737 725 818 791 ut,
865 722 1218 781 irritamento
1267 729 1494 797 agente,
1543 729 1729 800 spatio
1766 733 1975 805 exiguo
2019 753 2188 810 quam
2233 742 2355 813 plu-

298 821 474 879 rimae
521 820 831 893 separatim
876 822 1236 880 sensationes
1283 825 1508 898 percipi
1553 829 1795 898 possint.

467 920 542 977 Hi
585 920 862 978 fibrarum
903 936 1243 980 nervearum
1286 925 1433 982 fines
1479 940 1706 1000 semper
1752 932 1864 988 tam
1919 932 2198 994 distinctis
2251 940 2356 996 cir-

299 1017 550 1076 cumdati
597 1021 729 1076 sunt
768 1018 933 1076 lineis
975 1021 1261 1091 extremiS,
1311 1025 1376 1080 ut
1416 1023 1488 1080 de
1534 1024 1810 1086 ulteriore
1858 1045 2057 1090 eorum
2101 1035 2350 1097 decursu

298 1120 472 1177 verba
513 1117 651 1175 fieri
697 1121 1006 1191 nequeant.
1084 1119 1250 1177 Fines
1293 1124 1395 1179 aut
1440 1122 1732 1182 clavarum
1777 1126 1835 1184 in
1876 1131 2107 1189 modum
2150 1137 2354 1205 paulu-

294 1219 412 1275 lum
459 1218 761 1275 incrassati
803 1222 1119 1291 apparent,
1177 1230 1278 1278 aut
1321 1221 1380 1278 in
1426 1225 1682 1282 extremo
1733 1227 1926 1285 obtusi
1973 1234 2072 1287 aut
2116 1234 2354 1304 paulum

301 1317 607 1374 acuminati
665 1320 1008 1388 cernuntur,
1078 1335 1370 1392 nunquam
1432 1325 1533 1379 aut
1587 1323 1644 1380 in
1706 1328 1899 1395 partes
1956 1327 2353 1403 circumjectas

301 1419 661 1475 transeuntes
714 1419 815 1474 aut
861 1433 990 1474 cum
1045 1418 1128 1475 eis
1178 1421 1438 1490 confusi,
1510 1423 1614 1479 sed
1674 1425 1866 1495 potius
1914 1443 2139 1500 semper
2183 1431 2352 1503 plane

299 1517 372 1573 ab
403 1516 472 1573 iis
506 1515 892 1573 discriminati.
967 1516 1171 1590 Neque
1216 1519 1397 1590 magis
1432 1521 1747 1596 quidquam
1792 1524 1851 1582 in
1895 1526 2353 1589 observationem

298 1615 468 1685 venit,
517 1631 590 1672 ex
623 1631 736 1689 quo
772 1615 1167 1686 concludereS,
1216 1618 1406 1676 fibras
1442 1636 1682 1680 nerveas
1713 1628 1919 1683 natura
1963 1631 2180 1686 mutata
2213 1631 2354 1688 ulte-

296 1715 418 1771 rius
458 1714 786 1773 decurrere.
866 1717 1104 1788 Semper
1145 1716 1302 1774 fines
1346 1719 1647 1779 distinctos
1691 1739 1754 1781 se
1798 1725 2199 1798 exhibuerunt,
2246 1746 2353 1788 nec

296 1829 534 1887 possum
591 1813 730 1887 quin
777 1812 990 1871 diserte
1049 1814 1419 1888 admoneam,
1487 1836 1663 1892 quum
1717 1823 1965 1895 papillas
2019 1826 2270 1899 integras
2318 1847 2352 1887 a

295 1912 422 1970 basi
457 1912 777 1985 disjunctas
812 1914 977 1986 apice
1013 1931 1118 1973 suo
1154 1915 1470 1976 incolumes
1506 1920 1815 1980 observare
1863 1925 2182 1997 contigerit,
2231 1945 2353 1985 sus-

296 2012 581 2085 picionem
626 2012 840 2070 oboriri
886 2015 1181 2087 nequisse,
1227 2015 1383 2074 fines
1428 2018 1569 2076 istos
1617 2023 1740 2078 arte
1783 2023 2101 2094 productos
2147 2026 2347 2085 fuisse.

459 2110 669 2169 Aetate
724 2113 1118 2171 recentissima
1170 2115 1227 2171 in
1282 2116 1565 2175 elect-ricis
1612 2121 2014 2179 nonnullorum
2072 2124 2345 2197 piscium,

292 2210 377 2267 uti
421 2210 783 2284 TorpediniS‚
835 2213 1034 2284 Siluri,
1083 2215 1369 2289 Mormyri,
1421 2219 1653 2289 organis
1703 2221 2026 2294 complures
2074 2226 2351 2281 scrutato-

291 2324 384 2366 res
414 2305 510 2386 22)
577 2310 765 2368 fibras
811 2327 1052 2371 nerveas
1100 2314 1180 2372 ita
1235 2316 1398 2373 finiri
1454 2318 2008 2388 animadverterunt,
2075 2325 2139 2379 ut
2188 2323 2348 2381 nervi

293 2408 544 2465 medulla
589 2424 663 2466 ex
707 2409 888 2468 libero
934 2414 1093 2472 nervi
1135 2414 1261 2473 fine
1307 2432 1533 2475 massae
1576 2418 1820 2476 friabilis
1861 2421 2047 2478 forma
2094 2421 2349 2479 effunda-

295 2512 405 2577 tur,
448 2510 622 2581 atque
663 2525 1071 2584 nonnunquam
1111 2514 1351 2572 cellulas
1384 2532 1625 2574 nerveas
1661 2518 1984 2576 terminales
2018 2520 2346 2590 constituat,

298 2607 518 2678 Quibus
566 2609 1064 2669 observationibus
1103 2613 1273 2671 nixus
1306 2614 1560 2686 Wagner
1600 2616 1714 2673 hoc
1758 2617 2030 2689 placitum
2073 2619 2346 2691 protulit:

475 2708 627 2783 „Die
683 2710 837 2768 feine
896 2712 1243 2770 moleculare
1298 2716 1517 2784 Masse,
1581 2716 1796 2773 welche
1857 2717 1959 2775 der
2002 2718 2185 2776 Inhalt
2244 2719 2347 2776 der

300 2807 590 2866 centralen
637 2809 757 2866 und
800 2811 1273 2884 peripherischen
1307 2813 1773 2885 Ganglienzellen
1806 2814 2000 2885 bildet,
2050 2819 2194 2875 setzt
2227 2817 2349 2875 sich

300 2906 713 2965 insbesondere
758 2908 816 2966 in
863 2910 965 2967 der
1006 2911 1138 2969 Axe
1185 2913 1288 2970 der
1330 2913 1796 2982 PrImitivfasern,
1844 2914 1934 2971 bis
1981 2931 2056 2972 zu
2102 2914 2210 2972 den
2256 2932 2352 2989 pe-

301 3005 694 3078 ripherischen
725 3008 1332 3084 Endverzweigungen
1378 3014 1495 3070 fort
1540 3012 1659 3070 und
1705 3013 1907 3069 strahlt
1950 3013 2074 3070 hier
2119 3029 2222 3070 aus
2271 3017 2354 3071 of-

471 3226 546 3282 22)
606 3227 686 3272 Th.
732 3228 1001 3282 Bilharz,
1052 3230 1132 3273 das
1166 3231 1436 3275 elektrische
1469 3231 1618 3288 Organ
1660 3233 1738 3275 des
1771 3232 2114 3282 Zitterwelses,
2159 3231 2354 3289 Leipzig

306 3297 429 3343 1857.
492 3298 548 3343 A.
584 3297 789 3351 Ecker,
839 3297 1243 3357 Untersuchungen
1288 3316 1367 3345 zur
1400 3302 1701 3359 lchtyologie,
1747 3301 1959 3357 Freiburg
1992 3302 2113 3348 1857.
2178 3303 2258 3348 Dr.
2297 3304 2347 3349 C.

308 3369 550 3425 Kupfser
593 3375 638 3411 et
681 3369 759 3414 Dr.
795 3369 871 3416 W.
907 3371 1289 3426 Keferstein,
1335 3374 1446 3417 iiber
1488 3376 1575 3417 den
1621 3374 1771 3416 feinen
1804 3375 1899 3417 Bau
1941 3373 2020 3416 des
2053 3374 2354 3417 elektrischen

309 3440 484 3495 Organs
515 3440 631 3483 heim
662 3440 881 3485 Zitteraal
911 3442 1189 3500 (Gymnotus
1222 3445 1489 3500 electi-icus)
1529 3446 1606 3486 mit
1635 3444 1880 3487 Riicksicht
1925 3444 2004 3487 auf
2032 3444 2117 3486 den
2150 3443 2247 3486 Bau
2279 3444 2353 3486 hei

308 3511 476 3554 andern
522 3512 819 3556 electrischen
861 3513 1067 3568 Fischen,
1110 3515 1436 3559 insbesondere
1478 3515 1550 3558 bei
1591 3515 1841 3572 Mormyrus
1881 3514 2225 3572 oxyrhynchus,
2274 3516 2352 3558 mit

308 3580 672 3636 nachtr‘aglichen
705 3582 1049 3639 Bemerkungen
1079 3584 1190 3627 iiber
1222 3586 1294 3627 die
1329 3583 1623 3640 Endigungen
1655 3585 1733 3626 der
1754 3584 1937 3628 Nerven
1967 3587 2025 3628 im
2044 3585 2355 3639 Aligemeinen

314 3663 405 3693 von
436 3649 490 3695 R.
523 3651 803 3708 Wagner,
852 3654 922 3698 in:
974 3654 1274 3699 Nachrichten
1307 3657 1385 3699 der
1417 3655 1907 3702 G.-A.-Universitat
1938 3657 2025 3699 und
2059 3656 2137 3698 der
2166 3654 2351 3712 Konigl.

317 3719 622 3765 Gesellschaft
653 3723 732 3767 der
764 3724 1101 3771 Wissenschaft
1133 3742 1187 3771 zu
1220 3728 1490 3785 Gottingen,
1523 3727 1782 3771 November
1816 3727 1881 3772 16.
1917 3727 1993 3771 ΝΥ.
2029 3726 2110 3779 19,
2143 3725 2267 3770 1857.
