2515 3892
911 1201 1669 1290 QQAEAEQQAEQ

460 1538 1091 1655 ffiisquisitionihus,
1128 1599 1286 1659 ⁴quas
1326 1583 1692 1658 expositurus
1734 1596 1889 1650 sum,
1936 1578 2305 1635 instituendis

261 1698 664 1751 commentatio
712 1695 987 1772 quaedam
1035 1695 1148 1754 hoc
1200 1713 1346 1752 anno
1403 1713 1433 1750 a
1479 1689 1860 1765 Billrothl)
1909 1691 2088 1761 edita,
2142 1690 2305 1768 cujus

261 1808 406 1865 hacc
463 1816 556 1866 est
609 1812 938 1886 inscriptio:
1029 1808 1273 1884 „Uelier
1336 1809 1427 1864 die
1489 1803 1986 1883 Epithelialzcllen
2039 1804 2147 1861 und
2218 1804 2307 1859 dic

261 1921 529 1980 Muskel-
575 1924 687 1980 und
734 1922 1133 1981 Nervenfaser
1179 1923 1283 1980 der
1327 1919 1571 1997 Zunge“
1622 1937 1854 1977 causam
1905 1916 2107 1976 attulit.
2199 1915 2307 1973 Cu-

253 2039 352 2110 jus
401 2039 900 2094 commentationis
957 2044 1158 2094 auctor
1199 2036 1601 2094 demonstrare
1645 2040 1888 2091 conatus
1939 2040 2061 2103 est,
2119 2026 2307 2087 extre-

262 2168 387 2208 mos
434 2149 841 2208 fasciculorum
885 2148 1290 2208 muscularium
1328 2149 1738 2226 primitivorum
1787 2148 1844 2202 in
1890 2143 2118 2221 linguae
2163 2145 2310 2200 rani-

261 2282 367 2321 nae
412 2264 652 2341 papillas
698 2265 1170 2322 adscendentium
1217 2263 1364 2321 fines
1410 2282 1538 2322 cum
1586 2259 1811 2320 cellulis
1866 2255 2306 2335 epitlielialibUS,

263 2396 429 2456 ,quae
505 2378 730 2455 papillis
803 2381 1291 2455 superimpositae
1367 2380 1520 2447 sint,
1619 2373 2075 2453 conjunctionem
2145 2371 2309 2425 inire.

263 2490 518 2549 Similem
554 2495 640 2550 rei
686 2494 965 2550 rationem
1013 2495 1067 2548 in
1115 2493 1393 2548 extremis
1438 2489 1704 2547 fibrarum
1751 2501 2087 2545 nervearum
2134 2479 2308 2558 papil-

263 2604 352 2662 lae
413 2605 619 2663 finibus
665 2614 901 2664 exstare
947 2603 1267 2662 Billroth
1315 2602 1639 2673 contendit,
1710 2602 1915 2677 quippe
1974 2613 2123 2671 quos
2184 2611 2307 2650 cum

266 2718 492 2777 cellulis
551 2717 790 2795 papillae
846 2717 1276 2794 epithelialibus
1334 2720 1390 2773 in
1442 2715 1624 2773 media
1672 2710 1982 2790 superficie
2043 2723 2309 2783 suprema

264 2836 477 2910 positis
547 2832 892 2911 conjunctos
966 2850 1107 2889 esse
1178 2814 1456 2900 censeat,
1526 2827 1735 2903 quibus
1802 2824 2027 2902 quidem
2085 2817 2310 2877 cellulis

265 2947 412 3005 hanc
457 2946 532 3004 ob
582 2963 811 3003 causam
860 2943 1090 3002 cellulis
1135 2945 1369 3001 nerveis
1417 2939 1810 3000 terminalibus
1850 2953 2054 2993 nomen
2100 2930 2312 2989 indidit.

266 3059 594 3118 Peculiaris
639 3060 809 3127 haec,
872 3076 1020 3135 quae
1067 3057 1200 3116 telis
1246 3054 1556 3114 musculari
1603 3072 1670 3111 ac
1715 3065 1963 3109 nerveae
2012 3064 2136 3103 cum
2179 3041 2312 3100 telis

271 3171 698 3250 epithelialibus
754 3171 1119 3228 intercedere
1181 3169 1468 3238 ereditur,
1535 3169 1683 3224 ratio
1752 3179 1893 3220 sane
1958 3162 2312 3216 mirationem

272 3302 538 3357 movere,
603 3292 777 3362 atque
829 3285 998 3341 novis
1049 3283 1120 3340 de
1171 3282 1279 3340 hac
1324 3300 1389 3339 re
1432 3272 1979 3352 investigationibus
2024 3270 2313 3327 materiam

270 3397 559 3474 praebere
583 3399 786 3474 potuit.
862 3394 1031 3469 Quae
1064 3404 1254 3454 tamen
1287 3395 1615 3471 priusquam
1653 3390 2102 3463 susciperentur,
2148 3377 2316 3447 tclaS,

445 3658 489 3715 l)
549 3657 781 3702 Deutsche
812 3658 984 3712 Klinik‚
1018 3658 1110 3704 red.
1146 3670 1236 3702 von
1267 3657 1401 3703 Alex.
1437 3654 1668 3706 (Roscium,
1700 3651 1778 3697 Nr.
1798 3650 1870 3703 21,
1904 3648 1947 3695 d.
1979 3645 2050 3695 23.
2070 3644 2158 3689 Mai
2193 3638 2316 3694 1857.

1773 3751 1795 3801 1
