2515 3892
1280 109 1344 161 27

287 310 552 353 vasorum
595 307 1016 367 nervorumque
1074 294 1346 351 funiculis
1395 297 1574 354 series
1622 298 1887 371 dispositi
1932 308 2093 373 sunt,
2152 307 2230 366 ita
2278 314 2342 368 ut

285 393 540 465 proxime
603 394 940 451 lateralibus
985 394 1239 465 papillae
1297 396 1618 467 parietibus
1676 399 1785 455 sub
1832 400 1959 473 ipsa
2013 406 2340 466 membrana

283 508 520 550 mucosa
565 491 735 548 situm
777 491 1092 548 obtineant.
1173 492 1540 566 Microscopii
1601 495 1804 554 tubulo
1866 500 1982 556 huc
2039 502 2177 560 illuc
2228 522 2342 563 mo-

287 591 489 661 vendo,
535 591 793 662 singulas
826 590 1008 647 fibras
1039 591 1396 648 musculares
1431 592 1506 649 ad
1548 593 1775 652 diversa
1815 599 1994 655 strata
2033 602 2337 673 pertinere,

285 693 341 747 et
385 690 607 763 ubique
654 704 783 746 eum
828 689 886 745 in
930 689 1166 746 modum
1211 706 1441 748 sursum
1485 693 1746 763 extendi,
1795 698 1890 765 ut,
1937 699 2128 769 parvis
2174 701 2340 758 inter-

284 788 445 846 vallis
491 789 640 845 inter
687 803 748 844 se
797 787 1094 857 distanteS,
1142 789 1303 861 pallii
1354 789 1412 846 in
1454 791 1688 848 modum
1741 794 2012 866 papillam
2063 799 2339 870 cylindra-

283 902 442 944 ceam
485 886 854 955 circumdent,
901 886 1073 958 plane
1117 887 1423 959 intelligas,
1518 890 1739 962 Singuli
1783 892 2064 952 fibrarum
2108 899 2339 969 primiti-

284 1002 480 1043 varum
524 985 791 1042 fasciculi
837 984 1274 1056 adscendenteS,
1323 987 1383 1043 id
1425 988 1585 1061 quod
1623 990 1745 1063 J‘am
1791 994 2024 1066 saepius
2074 997 2337 1056 observa-²

282 1089 400 1143 tum
444 1089 564 1154 est,
630 1084 839 1141 eximia
883 1100 1167 1143 ramorum
1216 1088 1593 1146 multitudine
1634 1092 1956 1162 excellunt,
2023 1095 2121 1166 qui
2166 1098 2332 1167 rami,

279 1186 618 1258 plerumque
675 1184 888 1255 angulo
944 1187 1116 1242 acuto
1175 1203 1403 1243 sursum
1463 1190 1750 1260 porrecti,
1819 1207 2227 1266 nonnunquam
2279 1197 2334 1254 in

279 1285 474 1356 apices
523 1283 688 1342 valde
735 1287 936 1341 tenues
973 1288 1201 1342 exeunt.
1281 1285 1527 1354 Quidam
1570 1289 1836 1346 fasciculi
1880 1293 2092 1349 ramosi
2137 1296 2333 1367 apices

280 1385 535 1452 extremi,
587 1384 757 1441 sicuti
797 1387 853 1441 et
894 1384 1083 1455 imago
1131 1384 1521 1443 dissertationi
1563 1386 1842 1459 adjuncta
1887 1390 1974 1465 (F.
2022 1390 2097 1467 Ι.)
2147 1396 2333 1451 osten-

279 1484 377 1553 dit,
427 1498 620 1556 usque
663 1485 737 1541 ad
776 1485 1029 1558 papillae
1068 1487 1382 1557 marginem
1427 1491 1729 1558 reflexum,
1779 1491 1881 1548 ubi
1920 1493 2170 1549 musculi
2215 1495 2331 1565 api—

278 1598 374 1640 ces
421 1599 524 1655 per
569 1584 809 1641 cellulas
860 1585 1217 1658 epitheliales
1263 1586 1588 1657 pellucent,
1657 1588 1944 1660 pertinere
1992 1595 2325 1649 cernuntur.

278 1683 687 1754 Magnitudinis
730 1684 895 1753 ratio,
946 1700 1100 1758 quae
1144 1684 1397 1742 musculi
1441 1685 1726 1743 fasciculo
1770 1703 1901 1745 cum
1946 1689 2117 1746 ramis
2160 1690 2330 1747 inter-

278 1782 446 1851 cedit,
497 1798 530 1838 a
561 1783 830 1856 Leydig
859 1779 953 1858 23)
1001 1783 1081 1840 ita
1128 1783 1368 1842 definita
1415 1788 1518 1855 est,
1567 1788 1650 1854 ut,
1699 1786 1986 1844 fasciculo
2036 1785 2326 1857 o,Olsso‘¹‘

277 1897 494 1951 crasso,
552 1897 867 1955 processus
922 1882 1295 1940 tenuissimus
1352 1879 1643 1952 Qooos‘st
1695 1884 2029 1959 adaequare
2082 1886 2325 1944 dicatur.

274 1981 620 2050 Delineatio‚
682 1996 835 2054 quae
884 1982 1045 2054 operi
1100 1998 1134 2038 a
1178 1963 1495 2039 Koelliker'
1531 1982 1685 2040 edito
1735 1987 1790 2041 et
1841 1972 2321 2059 „Gewebelehre“

273 2079 546 2151 inscripto
578 2076 673 2154 24)
719 2079 935 2137 inserta
976 2082 1093 2149 est,
1152 2083 1365 2138 tantam
1410 2097 1699 2158 ramorum
1747 2083 2000 2156 copiam,
2055 2086 2327 2157 quantam

275 2177 548 2251 equidem
590 2178 648 2235 in
693 2179 909 2251 papilla
950 2196 1244 2252 nunquam
1285 2180 1418 2250 vidi,
1467 2182 1600 2238 ante
1646 2181 1846 2239 oculos
1891 2182 2069 2254 ponit.

441 2278 687 2335 Ulterior
715 2278 992 2335 fibrarum
1028 2278 1439 2336 muscularium
1468 2279 1525 2336 in
1563 2280 1780 2352 papilla
1814 2281 2073 2338 extensio
2108 2295 2325 2338 earum-

275 2391 390 2449 que
441 2375 500 2432 in
548 2374 725 2447 hujus
779 2375 1037 2447 margine
1088 2376 1425 2448 dispositio,
1497 2377 1582 2435 uti
1635 2378 1773 2435 satis
1830 2383 2103 2453 apparet,
2170 2381 2325 2437 hunc

274 2476 446 2532 finem
485 2474 847 2549 propositum
890 2476 1097 2544 habet,
1137 2480 1203 2533 ut
1240 2477 1492 2549 papillae
1536 2480 1863 2535 contractae
1911 2478 2035 2535 axis
2081 2479 2325 2550 longitu-

275 2572 480 2630 dinalis
529 2573 906 2631 deminuatur.
998 2577 1195 2634 Utrum
1239 2592 1403 2646 ver0,
1472 2592 1535 2634 re
1573 2576 1653 2634 ita
1688 2576 2007 2646 instructa,
2072 2577 2320 2649 papillae

272 2672 531 2743 margine
578 2671 913 2745 deplanato,
969 2674 1136 2732 liberi
1181 2690 1486 2733 nervorum
1532 2675 1727 2746 apices
1774 2691 1841 2734 eo
1888 2676 2139 2748 aptiores
2195 2674 2322 2732 red-

275 2769 507 2840 dantur,
578 2771 676 2844 qui
737 2771 1203 2830 irritamenta.in
1268 2773 1429 2846 ipsos
1498 2773 1751 2832 exhibita
1817 2774 2165 2847 percipiant,
2230 2789 2320 2842 an,

273 2868 502 2926 foveola
533 2870 722 2926 catillo
757 2870 923 2927 simili
951 2871 1220 2929 deorsum
1252 2872 1546 2944 depressa,
1590 2873 1750 2930 nervi
1794 2873 1866 2929 ab
1907 2871 2319 2930 irritationibus

274 2967 458 3024 nimiis
503 2968 612 3024 tuti
662 2972 1056 3040 praestentur,
1111 2970 1187 3027 ad
1231 2971 1381 3028 hanc
1427 2972 1822 3044 quaestionem
1865 2970 1960 3028 vix
2007 2969 2322 3043 quidquam

276 3065 417 3123 certi
458 3066 812 3139 respondere
860 3069 1171 3140 contingat.
1262 3070 1577 3143 Utrumque
1633 3069 1863 3142 quidem
1912 3068 2038 3125 fieri
2088 3070 2321 3139 potest3

276 3166 541 3234 attamen,
586 3181 762 3237 quum
791 3167 974 3224 fibrae
1011 3167 1369 3224 musculares
1415 3167 1634 3240 majore
1679 3183 1750 3224 ex
1782 3169 1945 3239 parte
1977 3167 2032 3222 in
2067 3166 2322 3238 papillae

275 3262 606 3334 peripheria
651 3262 964 3334 dispositae
1011 3265 1139 3336 sint,
1188 3266 1469 3323 sententia
1500 3266 1657 3337 prior
1685 3265 1923 3337 propius
1957 3264 2033 3322 ad
2063 3262 2319 3322 veritatis

280 3360 528 3433 speciem
576 3360 818 3418 accedit.

444 3595 517 3648 23)
578 3595 980 3652 Untersuchungen
1013 3608 1067 3639 an
1098 3595 1291 3638 Fischen
1327 3596 1413 3639 und
1446 3596 1691 3653 Reptilien,
1725 3610 1767 3651 p.
1802 3594 1870 3640 37.

446 3677 536 3731 24)
579 3677 907 3735 Geweblehre,
942 3686 998 3737 p.
1031 3679 1141 3732 371,
1188 3679 1282 3735 Fig.
1320 3679 1413 3726 174.
