2495 3806
1182 71 1250 123 22

206 258 538 314 numeretur
577 257 819 329 oportet,
869 271 1047 329 quum
1086 257 1232 314 haec
1277 257 1670 328 phaenomena
1714 275 1827 317 non
1873 259 1980 332 soli
2022 260 2249 330 sangui-

205 353 291 410 nis
336 354 483 412 intra
527 354 782 425 linguam
831 353 1189 411 circulationi
1232 355 1551 428 peculiaria
1593 357 1735 427 sint,
1803 373 2095 431 quumque
2137 373 2250 415 non

206 450 268 507 id
301 452 532 522 egerim,
577 455 641 509 ut
670 452 728 509 in
767 452 1117 521 universum,
1166 469 1316 525 quae
1349 454 1627 525 sanguine
1673 455 1987 512 circulante
2026 456 2248 524 fierent,

180 548 568 623 indagarem,
635 549 739 608 sed
798 550 994 623 potius
1055 566 1323 609 vasorum
1379 553 1842 624 sanguiferorum
1894 553 2042 610 intra
2086 568 2253 610 mem-

204 647 442 705 branam
505 664 800 706 mucosam
871 648 1130 720 linguae,
1197 651 1650 725 praesertimque
1705 651 1763 708 in
1807 650 2022 724 papilla
2066 651 2254 723 fungi-

203 746 390 815 formi,
440 746 873 820 dispositionem
916 749 1072 804 certo
1108 748 1490 819 observarem,
1538 750 1650 807 hoc
1694 750 1824 807 loco
1870 765 1985 807 non
2028 749 2253 807 videtur

203 844 444 901 uberius
487 845 886 903 disserendum
932 860 1078 902 esse.
1164 846 1222 904 Si
1267 863 1435 920 quem
1487 848 1690 905 harum
1734 863 1927 905 rerum
1979 847 2253 920 pervesti-

209 942 399 1013 gatio,
457 944 793 1015 praesertim
835 944 893 1000 in
937 960 1112 1002 ranae
1152 945 1350 1017 lingua
1392 946 1772 1015 instituenda,
1831 946 2071 1015 alliciat,
2126 961 2255 1003 eum

213 1040 289 1096 ad
321 1040 752 1114 disquisitiones
795 1043 885 1099 his
935 1044 1006 1101 de
1052 1044 1228 1102 rebus
1275 1060 1307 1100 a
1342 1044 1597 1102 Waller
1630 1041 1713 1120 ¹8)
1758 1048 1813 1102 et
1856 1041 2252 1119 Hassa1119)

210 1138 518 1210 institutas,
568 1141 825 1214 quamvis
869 1157 1070 1214 parum
1118 1143 1405 1215 copiosaS,
1454 1142 1837 1215 delegandum
1883 1158 2111 1202 00115οο.

935 1308 1014 1375 1»)
1091 1309 1207 1359 De
1256 1309 1537 1360 nel-vis.

373 1436 543 1494 Nervi
575 1436 632 1493 in
663 1436 898 1508 linguae
935 1437 1264 1494 membrana
1308 1453 1564 1507 mucosa,
1611 1438 1763 1495 obvii
1795 1438 1869 1495 ad
1901 1438 2252 1511 provinciam

208 1535 367 1593 nervi
413 1535 966 1609 glossopharyngei,
1037 1535 1137 1608 qui
1182 1538 1368 1593 tamen
1411 1536 1483 1592 in
1533 1537 1686 1594 ranis
1733 1552 1847 1594 non
1896 1541 1984 1595 est
2035 1537 2145 1594 nisi
2198 1554 2251 1594 11.

208 1633 343 1704 vagi
389 1649 615 1702 ramUS,
681 1633 984 1706 pertinent.
1075 1633 1171 1690 Ad
1218 1634 1478 1706 exiguam
1522 1635 1692 1692 modo
1738 1636 2100 1693 membranae
2141 1651 2258 1692 mu-

208 1746 381 1789 cosae
424 1735 643 1803 partem
691 1732 745 1787 in
786 1732 1020 1801 linguae
1065 1732 1298 1790 raninae
1337 1733 1533 1790 radice
1581 1734 1761 1803 sitam,
1809 1737 2055 1813 testante
2083 1735 2257 1791 Bur-

211 1829 296 1886 da
316 1830 387 1886 ch
418 1826 545 1905 20),
618 1845 826 1889 nervus
873 1830 1207 1901 trigeminus
1268 1832 1571 1889 nonnullos
1632 1848 1821 1890 ramos
1878 1832 2132 1902 dimittit,
2198 1833 2257 1889 id

211 1928 369 2001 quod
429 1931 618 1986 tamen
671 1929 1060 1987 Volkmann
1091 1927 1185 2005 21)
1252 1946 1546 2003 nunquam
1603 1931 1944 1989 observavit.
2034 1932 2256 1991 Nervus

214 2027 804 2100 glossopharyngenS,
848 2028 1134 2102 utrimque
1179 2028 1237 2085 111
1277 2032 1568 2086 externam
1608 2029 1819 2086 radicis
1858 2030 2090 2102 linguae
2135 2046 2261 2102 par-

214 2128 325 2182 tem
371 2125 615 2196 intranS,
667 2125 800 2183 inde
845 2142 971 2186 mm.
1016 2127 1393 2200 hyoglossum
1439 2130 1495 2185 et
1540 2128 1975 2200 genioglossum
2021 2128 2256 2202 trajicit,

207 2226 384 2296 atque
424 2223 483 2279 in
523 2223 667 2280 duas
705 2224 939 2296 linguae
980 2225 1215 2282 lacinias
1247 2241 1436 2299 usque
1483 2225 1829 2296 extenditur,
1877 2226 2111 2300 plexum
2155 2243 2260 2300 per

208 2323 388 2379 totam
466 2322 696 2394 linguae
773 2323 1141 2396 superficiem
1220 2323 1493 2381 diffusum
1545 2325 1822 2382 efficiens,
1927 2324 2037 2394 Qui
2100 2324 2257 2382 nervi

209 2420 507 2492 compositi
567 2424 700 2478 sunt
767 2437 841 2478 ex
897 2422 1060 2478 fibris
1127 2421 1421 2493 primitivis
1480 2422 1754 2480 limitibus
1815 2423 2254 2480 distinctissimis

209 2518 426 2588 cinctiS,
475 2519 736 2591 proxime
780 2536 957 2592 supra
1003 2535 1332 2591 supremum
1372 2521 1619 2578 musculi
1663 2522 1971 2579 transversi
2016 2525 2254 2579 stratum

204 2617 262 2673 in
309 2617 725 2675 diversissimas
770 2618 1039 2689 regiones
1085 2619 1385 2690 porrectis,
1464 2621 1782 2677 Decursum
1828 2623 2022 2678 tenent
2063 2620 2253 2677 admo-

207 2715 342 2774 dum
388 2716 689 2786 sinuatum,
734 2716 1020 2773 interdum
1067 2716 1331 2786 eandem,
1382 2732 1552 2790 quam
1593 2718 1745 2775 vasis
1789 2718 1980 2790 magni
2024 2718 2246 2788 ramuli,

208 2813 576 2873 directionem
625 2818 952 2889 sequentes

375 2912 555 2970 Valde
608 2913 819 2970 sinuati
870 2928 1172 2970 nervorum
1216 2913 1512 2983 fasciculi,
1583 2915 1796 2986 angulo
1842 2930 2027 2987 paene
2084 2918 2242 2973 recto

205 3026 432 3067 sursum
461 3011 899 3081 adscendenteS,
932 3011 990 3068 in
1018 3011 1285 3083 papillam
1318 3011 1725 3082 fungisormem
1757 3013 1984 3083 intrant,
2019 3029 2244 3086 semper

201 3110 324 3165 fere
368 3108 544 3182 hujus
591 3125 757 3167 axem
814 3109 1286 3180 longitudinalem
1334 3112 1715 3168 efformantes.
1802 3111 1929 3180 Bis,
1995 3112 2106 3169 alia
2157 3112 2239 3169 rei

370 3300 435 3351 18,
495 3300 834 3359 philosophica!
866 3301 1119 3358 Magazine,
1154 3301 1255 3347 vot.
1291 3300 1459 3355 XXlX‚
1492 3316 1534 3358 p.
1568 3303 1664 3349 279.

368 3386 440 3442 19)
496 3385 767 3439 mim-oscor).
801 3388 1042 3431 Anatomie
1074 3402 1115 3444 p.
1153 3387 1221 3432 51.

361 3469 435 3527 20)
494 3471 524 3517 l.
558 3485 594 3515 0.
630 3486 671 3527 p.
706 3472 775 3517 67.

361 3554 434 3609 21)
496 3554 596 3597 Von
637 3557 736 3598 dem
777 3557 872 3598 Bau
918 3555 1004 3598 und
1046 3557 1131 3598 den
1171 3554 1526 3610 Veri-ichtungen
1568 3554 1644 3597 der
1676 3554 1970 3610 Kopsnerven
2013 3554 2092 3597 des
2126 3553 2230 3598 Fro-

194 3623 353 3677 senes,
386 3625 429 3667 in
463 3625 660 3668 Miiller's
692 3628 860 3671 Archiv
894 3628 1026 3681 1838,
1066 3644 1107 3685 p.
1141 3628 1209 3672 70.
