2515 3892
1304 171 1370 223 23

305 346 527 405 ratione
575 350 907 421 observata,
956 365 1258 412 nervorum
1302 356 1616 415 fasciculos
1661 359 1889 419 duobus
1934 364 2078 422 locis
2124 383 2350 429 sursum

300 445 521 517 porrigi
563 447 833 518 vidimUS,
894 449 1063 507 etiam
1106 451 1164 508 in
1209 453 1425 526 papilla
1472 472 1706 515 seorsus
1749 460 2056 522 decursum
2101 465 2246 526 inter
2286 486 2348 528 se

300 544 637 614 parallelum
682 562 870 621 usqne
917 547 992 605 ad
1036 550 1205 608 finem
1253 569 1419 610 suum
1466 557 1741 615 tenentes
1835 559 2014 630 Quam
2060 580 2203 636 rem,
2251 585 2348 641 pe-

298 640 569 713 ripherici
627 659 930 703 nervorum
986 647 1268 708 decursus
1328 668 1561 712 normae
1616 672 1819 728 parum
1875 663 2341 737 respondentem,

297 755 411 798 non
465 742 556 799 via
610 744 971 815 mechanica,
1029 747 1211 818 vitro,
1285 767 1400 823 quo
1447 768 1540 810 res
1586 755 1968 832 microscopio
2026 764 2344 824 submissae

298 841 587 911 teguntur,
634 857 895 914 pressum
941 845 1273 917 exhibente,
1325 852 1588 909 effectam
1635 869 1794 924 esse,
1843 857 1976 917 inde
2022 861 2344 923 luculenter

297 939 595 1010 apparuit,
660 941 816 1014 quod
855 944 1192 1015 parallelum
1236 949 1649 1010 fasciculorum
1693 954 1998 1016 decursum
2042 977 2229 1035 usque
2270 964 2344 1021 ad

292 1040 514 1108 partem
559 1039 810 1111 papillae
853 1041 1181 1102 inferiorem
1225 1050 1499 1122 persequi
1543 1050 1721 1123 licuit,
1769 1056 1871 1112 ubi
1919 1058 2149 1131 quidem
2195 1061 2341 1120 duos

291 1150 596 1194 nervorum
650 1140 884 1199 truncos
941 1157 1014 1200 ex
1068 1143 1296 1202 duabus
1351 1148 1685 1220 regionibus
1744 1152 1985 1213 diversis
2046 1162 2339 1231 profectos

289 1249 418 1292 esse
463 1238 851 1308 cognovimus,
937 1240 1097 1311 Quae
1144 1244 1326 1303 fibrae
1369 1262 1641 1320 nerveae,
1693 1254 1888 1325 quoad
1932 1255 1989 1313 in
2034 1274 2209 1316 unum
2256 1263 2337 1318 fa-

286 1333 564 1392 sciculum
635 1338 912 1397 collectae
980 1347 1322 1414 cernuntur,
1390 1346 1571 1405 lineas
1633 1349 1894 1422 duplices
1953 1355 2096 1427 ipsis
2160 1373 2334 1430 pecu-

281 1431 452 1490 liares
523 1435 949 1513 decursumque
1017 1440 1316 1500 sinuosum
1391 1447 1853 1509 manifestissime
1924 1453 2326 1515 demonstrant.

279 1530 374 1588 Ad
441 1535 798 1605 superiorem
862 1538 1113 1611 papillae
1174 1543 1381 1601 faciem
1447 1561 1648 1605 versus
1705 1553 1761 1607 et
1815 1551 2096 1611 decursus
2150 1557 2328 1629 magis

279 1629 532 1690 directus
601 1635 825 1694 exsistit
884 1641 939 1695 et
994 1638 1181 1698 lineae
1243 1646 1534 1703 extremae
1606 1647 1867 1721 duplices
1924 1668 1954 1710 e
2010 1659 2326 1727 conspectu

276 1729 507 1789 abeunt.
599 1733 866 1793 Attamen
915 1737 1081 1796 etiam
1135 1741 1312 1798 fibras
1366 1744 1652 1804 medullae
1701 1753 1970 1821 expertes
2019 1768 2091 1811 ex
2143 1754 2326 1812 lilniti-

274 1827 382 1885 bus
429 1830 550 1888 suis
599 1832 915 1905 distinctiS,
976 1853 1121 1911 quos
1170 1842 1436 1901 continue
1483 1861 1672 1919 usque
1716 1847 1773 1904 in
1819 1850 2086 1909 fasciculi
2130 1853 2321 1911 nervei

273 1927 550 1987 elementa
596 1931 759 1990 fineis
802 1933 1129 2007 duplicibus
1177 1940 1528 2001 circumdata
1572 1948 1847 2021 persequi
1892 1950 2106 2021 possiS,
2154 1951 2321 2024 plane

276 2041 633 2098 cognoscere
678 2031 830 2090 licet.
2076 2037 2080 2042 ’

438 2127 499 2184 In
555 2128 789 2201 linguae
850 2133 1101 2193 siccatae
1166 2140 1475 2209 segmentis
1537 2145 1712 2216 atque
1772 2147 1976 2205 melius
2037 2151 2201 2207 etiam
2260 2152 2317 2208 in

267 2225 536 2283 tenuibus
576 2228 810 2301 linguae
855 2234 1102 2292 recentis
1149 2239 1456 2307 segmentis
1502 2255 1613 2313 ope
1655 2245 1877 2302 forficis
1921 2247 2315 2321 Cooperianae

263 2323 466 2394 factm,
524 2329 812 2400 quomodo
856 2333 1105 2404 papillae
1151 2336 1309 2393 nervi
1354 2337 1651 2411 finiantur,
1709 2346 1865 2402 certo
1911 2347 2310 2419 perspicimus,

261 2421 480 2481 Etenim
535 2441 840 2486 nervorum
889 2431 1209 2490 fasciculus
1261 2437 1580 2496 secundum
1626 2456 1792 2499 axem
1841 2443 2310 2515 longitudinalem

260 2525 582 2594 porrectus,
629 2530 936 2601 postquam
973 2530 1281 2591 decursum
1321 2534 1506 2594 minus
1548 2538 1845 2597 sinuosum
1882 2542 2020 2612 iniit,
2061 2545 2160 2602 ubi
2199 2546 2310 2617 pri-

258 2634 410 2676 mum
455 2621 530 2678 ad
570 2625 819 2696 papillae
867 2630 1233 2701 superficiem
1275 2636 1564 2706 pervenit,
1623 2639 1680 2696 in
1727 2639 2009 2712 singulaS,
2071 2659 2143 2701 ex
2189 2644 2309 2716 qui-

256 2717 367 2774 bus
412 2723 764 2793 compositus
809 2729 912 2796 est,
961 2729 1139 2786 fibras
1178 2731 1489 2803 primitivas
1532 2736 1881 2797 dissolvitur.
1959 2742 2305 2814 Plerumque

259 2817 490 2889 quidem
536 2820 821 2894 eJusmodi
863 2821 1180 2885 fasciculus
1221 2831 1382 2889 fibris
1428 2834 1726 2905 primitivis
1773 2834 1978 2896 o-lo
2027 2840 2300 2909 consistit,

257 2932 498 2989 quarum
550 2921 806 2994 singulos
851 2927 997 2985 fines
1043 2928 1256 2988 liberos
1302 2933 1360 2989 in
1406 2937 1715 3007 superficie
1768 2939 2104 3011 conspicere
2149 2939 2299 2995 licet.

255 3012 380 3083 Qua
421 3016 494 3076 de
544 3035 638 3091 re,
709 3027 1018 3096 segmentis
1074 3029 1305 3103 linguae
1359 3037 1688 3094 recentibus
1733 3037 1791 3094 in
1837 3055 2005 3096 usum
2051 3037 2298 3107 vocatis,

252 3128 426 3186 saepe
471 3116 529 3174 in
573 3134 688 3177 uno
735 3123 1055 3199 eodemque
1100 3135 1448 3203 praeparato
1493 3135 1792 3205 permultis
1837 3137 1982 3195 locis
2029 3137 2131 3194 tibi
2175 3151 2301 3208 per-

250 3213 526 3285 suadeaS,
574 3232 850 3293 namque,
900 3240 1076 3297 quum
1123 3230 1243 3285 tota
1287 3231 1501 3302 papilla
1547 3236 1660 3291 tam
1703 3235 1992 3306 pellucida
2038 3235 2138 3304 sit,
2190 3234 2300 3291 ele-

247 3315 437 3369 menta
480 3329 707 3388 nervea‚
754 3319 1027 3380 limitibus
1063 3324 1344 3384 distinctis
1386 3329 1755 3401 circumdata,
1799 3333 1970 3405 plane
2008 3333 2065 3390 in
2096 3331 2296 3390 oculos

247 3408 562 3482 incurrunt,
611 3432 959 3493 quamquam
1002 3422 1288 3484 interdum
1332 3428 1515 3486 fibrae
1561 3445 1807 3488 nerveae
1852 3432 2024 3490 altius
2068 3432 2296 3504 positae

247 3509 522 3570 fibrarum
571 3518 920 3586 profundius
978 3522 1215 3583 sitarum
1262 3527 1456 3598 apices
1503 3528 1648 3586 adeo
1696 3531 2006 3602 obtegunt,
2072 3533 2136 3587 ut
2179 3533 2294 3587 tan-

249 3608 368 3664 tum
412 3609 623 3682 singuli
668 3612 856 3675 binive
903 3619 1109 3691 apices-
1146 3624 1521 3683 animadverti
1568 3632 1797 3701 queant.
1883 3628 2007 3698 Quo
2049 3629 2106 3685 in
2152 3643 2294 3684 casu

247 3705 515 3777 equidem
581 3713 815 3784 saepius
881 3734 1091 3791 pressu
1147 3721 1223 3778 ad
1288 3723 1494 3781 vitrum
1546 3739 1639 3783 res
1699 3728 1980 3799 obtegens
2036 3726 2289 3786 exhibito

1693 3833 1780 3887 2*
