2495 3806
1213 71 1281 124 28

891 293 972 359 d)
1048 295 1165 345 De
1208 296 1601 360 epithelio.

394 452 456 509 In
535 451 764 524 linguae
830 449 1138 523 superficie
1213 451 1631 509 consideranda
1699 452 1985 526 extemplo
2056 453 2270 525 epit-lie-

222 554 360 610 lium
427 550 732 608 admodum
781 552 1070 618 tenerum,
1137 548 1275 606 retis
1345 565 1452 622 per
1515 552 1690 607 totam
1754 549 2007 622 linguam
2073 551 2268 608 diffusi

223 651 313 708 vel
361 649 550 725 operis
598 647 877 705 tessellati
922 647 1109 704 tenuis
1150 648 1391 704 formam
1435 650 1723 718 referenS,
1780 649 1961 706 oculis
2009 651 2265 706 offertur.

224 751 532 821 Segmenta
577 747 811 818 linguae
856 745 1110 802 recentia
1165 742 1616 818 perlustrantes,
1686 747 1745 803 in
1798 751 2269 820 praeparatorum
2313 808 2317 810 Α

218 847 568 920 marginibus
611 845 892 916 insignem
934 845 1148 901 motum
1192 843 1593 914 vibratorium,
1653 846 1780 918 qui,
1847 845 2130 903 interdum
2176 845 2270 902 de-

219 948 436 1017 51110115,
485 935 592 1003 *vel
636 943 868 1001 brevius
915 942 1005 999 vel
1063 941 1292 1012 longius
1340 943 1610 1014 temporis
1658 943 1908 1015 spatium
1963 944 2266 1016 perdurat,

220 1044 762 1114 animadvertimus3
831 1043 1109 1110 ceterum,
1182 1056 1358 1112 quum
1416 1041 1677 1112 singulae
1722 1042 2041 1100 moleculae
2088 1043 2269 1100 diver-

225 1143 480 1200 sissimas
547 1142 604 1199 in
672 1140 935 1211 regiones
1003 1141 1372 1209 moveantur,
1444 1140 1613 1197 etiam
1679 1139 1869 1196 multis
1936 1140 2266 1213 superficiei

220 1242 362 1299 locis
418 1241 587 1298 talem
642 1238 947 1296 motionem
1001 1237 1129 1294 fieri
1171 1252 1411 1295 necesse
1464 1242 1567 1296 est.
1657 1238 1840 1297 ‚Nobis
1881 1239 2113 1296 maximi
2155 1255 2270 1296 mo-

220 1340 394 1398 menti
441 1354 570 1397 esse
609 1337 793 1396 visum
832 1339 947 1406 est,
1003 1340 1069 1393 ut
1112 1324 1389 1393 in'ranae
1434 1336 1671 1394 viventis
1717 1336 1915 1408 lingua
1958 1337 2113 1395 hunc
2155 1354 2269 1394 mo-

221 1444 340 1497 tum
371 1436 744 1496 vibratorium
775 1435 1245 1508 disquirerenius
1312 1425 1480 1504 Quod
1508 1451 1684 1509 quum
1715 1434 2020 1508 aliquoties
2052 1437 2267 1493 frustra

223 1537 414 1596 conati
461 1551 746 1603 0550111115,
811 1534 1059 1606 denique
1121 1548 1454 1592 successum
1500 1533 1653 1591 nacti
1713 1549 1911 1590 sumus
1960 1534 2269 1607 exoptatis-

224 1637 442 1694 simum.
545 1634 725 1704 Quem
786 1633 844 1689 in
895 1633 1066 1690 finem
1119 1632 1350 1704 linguae
1411 1648 1703 1705 expansae
1762 1634 2017 1706 margine
2082 1635 2263 1692 libero

222 1735 366 1792 vitro
420 1748 514 1791 res
573 1731 1040 1803 contemplandas
1099 1731 1307 1788 serenti
1364 1732 1631 1804 imposito
1687 1735 1861 1805 atque
1916 1733 2024 1789 sub
2070 1733 2269 1791 micro-

223 1832 484 1905 scopium
533 1832 846 1900 submisso,
910 1829 1225 1887 secundum
1278 1830 1589 1902 marginem
1644 1834 1859 1888 motum
1898 1831 2266 1889 vibratorium

225 1947 397 2005 quam
450 1930 779 2004 planissime
836 1929 1143 1986 observare
1199 1929 1455 2000 contigit.
1569 1929 1626 1985 In
1687 1929 1949 2001 partibus
2001 1930 2132 1988 loco
2185 1931 2266 1987 illi

223 2030 422 2088 vicinis
481 2044 553 2086 ex
598 2029 827 2101 dirupto
886 2043 1022 2084 vase
1074 2026 1407 2098 sanguifero
1458 2030 1740 2100 perpetuo
1803 2028 2099 2100 sanguinis
2146 2044 2268 2087 cor-

220 2128 467 2202 puscula
514 2127 982 2194 effundebantur,
1033 2140 1207 2198 quae,
1258 2125 1600 2198 simulatque
1645 2141 1824 2199 prope
1877 2126 2135 2184 ciliorum
2180 2144 2266 2185 50-

220 2228 362 2285 110111
404 2229 816 2300 pervenerant,
876 2239 1072 2282 eorum
1122 2226 1282 2281 motu
1323 2238 1546 2295 semper
1589 2225 1646 2281 in
1691 2241 1862 2282 unam
1907 2225 2263 2299 eandemque

220 2326 515 2398 regionem
571 2323 1059 2397 propellebantur.
1151 2321 1320 2391 Quod
1376 2323 1810 2394 phaenomenon
1863 2323 2093 2395 longius
2159 2340 2264 2397 per

224 2429 448 2498 tempus
496 2423 752 2492 duravit,
802 2421 972 2479 sicuti
1025 2420 1194 2478 etiam
1230 2420 1288 2476 in
1331 2420 1562 2493 linguae
1608 2422 1808 2479 frustis
1857 2421 2104 2480 desectis
2149 2439 2264 2481 mo-

221 2525 433 2582 tionem
479 2524 644 2580 istam
683 2522 880 2595 plures
919 2535 1024 2593 per
1065 2519 1238 2575 horas
1287 2519 1580 2577 observari
1624 2536 1797 2592 posse
1842 2521 1981 2578 satis
2018 2525 2258 2579 constat.

225 2622 371 2693 Quin
405 2622 573 2679 etiam
600 2620 860 2677 Waller
888 2614 982 2694 25)
1027 2617 1313 2675 nonnullis
1358 2617 1416 2674 in
1453 2619 1812 2691 praeparatis
1851 2622 2063 2678 motum
2103 2620 2260 2678 illum

224 2737 327 2794 per
371 2719 610 2778 biduum
657 2719 767 2776 sibi
807 2716 1275 2774 animadvertisse
1321 2715 1562 2773 videtur.
1869 2715 1871 2717 ’

391 2819 645 2890 Papillae
711 2815 1076 2887 fungiformis
1146 2814 1474 2886 epithelium
1550 2815 1717 2873 etiam
1790 2816 1933 2874 ciliis
2010 2817 2256 2875 excellit.

224 2918 480 2988 Quorum
522 2919 737 2985 motus,
804 2914 888 2971 uti
923 2913 1093 2970 modo
1141 2912 1414 2982 dixin1US‚
1477 2914 1791 2988 praecipue
1828 2915 1886 2972 in
1931 2915 2259 2988 praeparati

221 3016 474 3088 margine
526 3015 706 3072 libero
733 3059 746 3084 ,
815 3016 989 3085 atque
1049 3010 1250 3068 eodem
1302 3011 1471 3069 modo
1524 3011 1583 3068 in
1646 3013 1864 3086 papilla
1920 3013 2257 3085 fungiformi

221 3114 554 3187 percipitur.
644 3112 910 3169 Attamen
954 3109 1122 3167 etiam
1165 3109 1297 3167 inde
1343 3125 1376 3166 a
1407 3110 1658 3181 margine
1696 3111 2002 3169 introrsum
2031 3114 2256 3169 foveam

220 3214 405 3285 ipsam
455 3227 656 3268 versus
705 3224 834 3267 esse
891 3210 1079 3265 motus
1135 3207 1478 3264 vibratorius
1543 3209 2036 3282 dep1·ehenditur.'
2099 3209 2255 3267 Ultra

219 3312 373 3369 hunc
415 3311 451 3367 i.
492 3325 541 3367 e.
587 3310 646 3366 in
686 3308 915 3366 foveola
958 3307 1085 3379 ipsa
1131 3305 1396 3378 equidem
1439 3322 1546 3364 nec
1593 3308 1720 3365 cilia
1760 3309 1880 3366 ulla
1923 3323 2030 3365 nec
2073 3307 2254 3365 vibra-

222 3410 433 3468 tionem
477 3408 783 3466 observare
828 3405 1008 3480 potui.
1098 3405 1300 3478 ltaque
1331 3404 1566 3478 Leydig‚
1611 3406 1787 3480 idque
1816 3409 2065 3466 fortasse
2094 3406 2253 3463 haud

390 3629 464 3685 25)
520 3627 786 3685 philosoph.
820 3627 1048 3672 Transact.
1085 3625 1217 3679 1849,
1263 3640 1305 3681 p.
1340 3624 1435 3671 142.
