2515 3892
301 371 577 441 cederet,
661 388 825 447 quam
904 368 1348 445 diligentissime
1419 368 1723 445 explorare
1793 371 2101 429 studerem.
2215 371 2344 445 Qua

309 485 714 575 disquisitione
759 482 892 560 quid
941 489 1290 558 compertum
1340 484 1432 552 eit,
1480 484 1533 537 in
1580 484 1969 559 respondente
2016 485 2185 559 hujus
2232 487 2344 543 dis-

297 599 634 655 sertationis
684 597 869 671 capite
912 597 1212 670 proposui,
1269 611 1415 667 quae
1475 594 1808 653 dissertatio
1855 600 1903 653 si
1953 596 2102 655 torte
2151 606 2246 655 aut
2290 602 2344 654 in

300 710 523 768 dicendi
571 727 788 785 genere
838 716 933 764 aut
978 711 1031 764 in
1078 707 1255 765 forma
1306 710 1671 782 primitiarum
1729 712 1891 784 signa
1938 712 2103 766 nimis
2150 719 2342 787 aperta

294 843 431 901 prae
481 842 549 880 se
595 823 770 894 ferat,
834 822 1110 879 lectorem
1138 821 1515 892 benevolum,
1558 840 1630 878 ne
1674 821 1805 879 huic
1847 826 1929 880 rei
1978 824 2220 881 debitam
2268 827 2345 881 in-

297 937 648 1013 dulgentiam
701 937 970 1012 deneget‚
1013 938 1182 993 etiam
1229 942 1402 1008 atque
1452 938 1619 992 etiam
1663 944 1923 1011 rogatum
1971 937 2120 995 volo,

455 1081 605 1137 Ante
683 1081 864 1136 omnia
949 1096 1090 1135 vero
1164 1075 1491 1153 professori
1575 1076 1913 1149 Bidder,
1988 1081 2345 1154 praeceptori

292 1212 514 1251 summe
575 1194 936 1263 venerando,
1006 1196 1099 1269 qui
1161 1191 1229 1248 ab
1286 1194 1414 1268 ipso
1482 1194 2033 1267 pervestigationum
2090 1209 2339 1248 mearum

290 1310 448 1366 initio
499 1311 742 1384 impigre
804 1307 935 1364 mihi
980 1305 1224 1364 adfuerit
1268 1314 1438 1383 atque
1486 1313 1601 1362 tum
1652 1304 1893 1363 consilio
1927 1313 2042 1362 tum
2090 1322 2152 1361 re
2192 1303 2338 1361 haud

286 1441 484 1498 parum
533 1441 621 1480 me
670 1422 971 1500 adjuverit,
1016 1424 1236 1497 gratiae
1286 1420 1546 1496 agendae
1593 1426 1727 1476 aliut
1770 1421 2066 1476 maximae.

456 1562 664 1639 Neque
737 1580 851 1619 non
908 1568 1076 1638 grato
1165 1563 1350 1619 animo
1418 1563 1581 1618 amici
1641 1564 1751 1618 mei
1820 1569 1880 1618 et
1935 1558 2336 1617 commilitonis

286 1673 630 1733 Fordinandi
676 1675 1007 1733 Mueller
1053 1675 1610 1734 connnemorandum
1637 1682 1728 1732 est
1756 1676 2032 1746 meritum,
2073 1676 2165 1746 qui
2217 1675 2333 1729 exi„

282 1794 392 1847 mia
460 1798 574 1848 tum
643 1790 998 1867 benignitate
1058 1802 1173 1847 tum
1241 1789 1534 1866 diligentia
1582 1788 1966 1847 difficillimum
2031 1789 2331 1862 imaginum

283 1903 744 1962 delineandarum
790 1904 1044 1963 laborem
1091 1903 1352 1964 subierit..
