2495 3806
1255 56 1287 106 6

1115 127 1203 134 —-.—

252 305 321 345 ex
364 284 569 363 quibus
620 283 812 360 lingua
858 284 1052 340 ranina
1096 284 1411 340 constituta
1455 285 1640 351 esset,
1682 276 2014 353 diligentius
2044 276 2300 353 perquiri

256 403 488 458 omnino
536 399 935 457 necessarium
981 395 1104 455 suit.
1187 392 1319 468 Qua
1363 393 1594 470 linguae
1639 408 1901 450 ranarum
1943 389 2300 465 pervestiga-

260 516 420 571 tione
464 516 708 588 incepta,
741 510 860 588 jam
905 511 1052 567 satis
1089 508 1264 583 longe
1307 523 1666 585 progressus
1708 503 1953 573 fueram,
2002 519 2171 578 quum
2211 499 2305 556 de-

259 646 409 683 mum
454 623 828 699 histologiam
873 640 905 679 a
949 621 1225 696 Leydig
1259 622 1670 697 conscriptam,
1712 619 1874 692 cujus
1920 618 1977 672 in
2023 630 2305 671 commen-

265 742 483 796 tatione
546 736 922 795 Billrothiana
975 738 1192 792 fnentio
1265 733 1544 811 injicitur,
1621 747 1902 807 quamque
1978 728 2051 786 ob
2118 742 2306 783 rerum

258 851 636 908 conditiones
695 850 976 907 adversas
1023 850 1181 924 prius
1228 847 1467 922 adipisci
1531 846 1890 921 nequieram,
1957 839 2091 897 mihi
2151 838 2306 896 adire

262 963 441 1022 licuit.
531 960 664 1035 Quo
704 961 875 1033 fact0,
923 980 1092 1039 quum
1140 959 1533 1036 compendium
1580 957 1715 1015 illud
1760 974 1827 1014 ac
1871 954 2307 1030 disquisitiones

268 1077 339 1134 de
405 1075 666 1152 piscibus
739 1082 797 1132 et
862 1073 1193 1151 reptilibus,
1279 1073 1348 1130 ab
1417 1072 1620 1130 codem
1691 1077 1929 1127 auctore
1996 1068 2310 1134 institutaS,

268 1192 703 1264 cognovissem,
750 1206 991 1264 magnae
1038 1186 1173 1243 mihi
1212 1185 1466 1244 laetitiae
1497 1183 1618 1255 fuit,
1659 1182 1810 1261 quod
1841 1180 2307 1240 observationum

266 1302 643 1379 quarundam,
703 1318 848 1378 quas
893 1318 1018 1357 cum
1064 1298 1410 1376 professore
1450 1297 1749 1367 Bidder,
1795 1297 1919 1353 viro
1965 1293 2307 1364 clarissimO,

267 1418 672 1485 institueram,
753 1421 999 1471 eventus
1076 1411 1445 1471 confirmatos
1514 1428 1653 1469 esse
1718 1410 1926 1467 inveni.
2036 1404 2309 1483 Singulas

270 1537 466 1605 partes
526 1527 909 1586 membranam
965 1545 1262 1585 mucosam
1313 1526 1544 1602 linguae
1597 1528 1827 1583 raninae
1885 1524 2310 1580 constituentes

270 1658 386 1715 quo
453 1641 676 1717 planius
739 1639 1119 1717 contemplari
1175 1642 1602 1713 certioremque
1655 1639 1727 1696 de
1786 1654 2057 1695 vasorum
2113 1637 2169 1692 in
2220 1632 2312 1690 illa

268 1754 654 1830 dispositione
712 1756 1019 1830 imaginem
1062 1753 1327 1812 obtinere
1372 1752 1595 1823 liceret,
1638 1754 1805 1810 etiam
1850 1767 2020 1807 ranae
2066 1749 2313 1806 viventis

267 1867 516 1944 linguam
555 1886 665 1944 opc
712 1870 1083 1945 microscopii
1128 1867 1572 1945 perquirendam
1636 1883 1775 1924 esse
1812 1865 2085 1943 judicavi.
2184 1861 2313 1937 Qua

271 1985 495 2039 ratione
557 1984 696 2039 inita
745 1985 1006 2059 quamvis
1065 1984 1314 2059 exoptati
1367 1989 1604 2051 essent,
1666 1996 1814 2058 quos
1867 1986 2071 2036 nactus
2128 1995 2323 2054 eram,

272 2101 547 2165 eventus,
611 2099 873 2171 quamvis
918 2095 1243 2153 laetissima
1296 2093 1428 2151 mihi
1476 2100 1642 2152 esset
1696 2094 1890 2169 opinio
1933 2094 2170 2168 primum
2225 2109 2315 2148 me

270 2225 544 2282 organum
600 2207 830 2285 aliquod
885 2211 1219 2285 reperisse,
1281 2207 1435 2285 quod
1489 2205 1713 2263 animali
1759 2206 1892 2263 vivo
1935 2206 1991 2261 in
2043 2205 2310 2263 diversas

270 2319 416 2378 telas
473 2340 585 2396 ope
631 2324 1003 2398 microscopii
1048 2320 1372 2395 inquirendi
1418 2327 1768 2396 potestatem
1815 2317 2064 2389 faceret,
2101 2326 2312 2391 tamen,

272 2452 441 2509 quum
509 2433 708 2490 literas
786 2434 854 2489 ad
933 2452 1053 2492 rem
1121 2435 1476 2510 propositam
1548 2435 1906 2508 pertinentes
1976 2431 2313 2508 diligentius

273 2549 708 2620 cognovissem,
762 2547 905 2603 hanc
959 2549 1107 2604 viam
1165 2565 1316 2617 rem,
1376 2547 1449 2603 de
1506 2563 1618 2620 qua
1673 2548 1989 2623 quaeritur,
2046 2544 2314 2602 subtilius

274 2659 674 2733 perscrutandi
740 2659 1109 2736 physiologis
1186 2667 1300 2717 tum
1377 2658 1618 2734 anglicis
1690 2667 1805 2716 tum
1873 2657 2317 2734 francogallicis,

273 2771 444 2847 idque
483 2772 601 2849 jam
647 2791 715 2830 ex
741 2792 1012 2832 annorum
1057 2773 1450 2848 duodeviginti
1483 2775 1690 2849 spatio,
1715 2780 1903 2830 notam
1945 2771 2130 2830 fuisse
2163 2789 2313 2829 com-

273 2888 414 2959 peri.
483 2883 617 2957 Quo
650 2887 821 2944 modo
866 2895 1168 2964 postquam
1203 2885 1385 2963 major
1429 2887 1864 2958 scrutationum,
1913 2903 2057 2962 quas
2099 2888 2155 2942 in
2202 2901 2316 2941 me-

274 2998 421 3054 dium
456 2999 784 3074 prolaturus
821 3018 967 3071 sum,
1008 3018 1142 3077 pars
1187 2999 1694 3057 observationibus
1727 3006 2020 3056 auctorum
2065 3000 2314 3073 priorum

276 3128 345 3166 ex
388 3119 553 3187 parte
596 3112 899 3191 hucusque
942 3132 1141 3190 parum
1189 3115 1438 3188 cognitis
1485 3111 1813 3169 confirmata
1855 3117 1964 3181 est,
2011 3128 2086 3167 eo
2130 3111 2314 3185 magis

273 3224 340 3279 ad
400 3225 482 3294 id,
551 3226 700 3283 unde
765 3244 1011 3285 exorsus
1082 3244 1268 3297 eram,
1336 3225 1606 3303 quodque
1669 3223 1801 3282 huic
1855 3223 2315 3282 commentationi

270 3340 502 3412 proprie
547 3342 908 3416 propositum
952 3339 1072 3410 suit,
1118 3338 1402 3397 accedere
1433 3337 1606 3409 licuit,
1653 3346 1715 3395 ut
1745 3334 1989 3406 scilicet,
2037 3352 2312 3412 quaenam

275 3447 498 3506 cellulis
567 3451 991 3526 epithelialibus
1051 3459 1110 3509 et
1178 3453 1327 3508 inter
1393 3458 1581 3508 semet
1647 3452 1808 3525 ipsas
1862 3456 1919 3507 et
1969 3465 2093 3505 cum
2152 3446 2312 3504 fibris

272 3560 691 3620 muscularibus
727 3567 1094 3642 nerveisque,
1144 3579 1288 3639 quae
1327 3565 1381 3619 in
1400 3561 1629 3638 papillis
1675 3568 1923 3632 exstant,
1968 3561 2118 3618 ratio
2145 3562 2313 3616 inter-
